,sales,date,region
0,1638,2/6/2018,north
1,1647,2/6/2018,south
2,1731,2/6/2018,east
3,1557,2/6/2018,west
4,1587,2/7/2018,north
5,1698,2/7/2018,south
6,1542,2/7/2018,east
7,1635,2/7/2018,west
8,1602,2/8/2018,north
9,1536,2/8/2018,south
10,1503,2/8/2018,east
11,1701,2/8/2018,west
12,1758,2/9/2018,north
13,1662,2/9/2018,south
14,1782,2/9/2018,east
15,1515,2/9/2018,west
16,1662,2/10/2018,north
17,1557,2/10/2018,south
18,1650,2/10/2018,east
19,1674,2/10/2018,west
20,1554,2/11/2018,north
21,1587,2/11/2018,south
22,1563,2/11/2018,east
23,1764,2/11/2018,west
24,1758,2/12/2018,north
25,1608,2/12/2018,south
26,1569,2/12/2018,east
27,1653,2/12/2018,west
28,1572,2/13/2018,north
29,1716,2/13/2018,south
30,1773,2/13/2018,east
31,1725,2/13/2018,west
32,1767,2/14/2018,north
33,1710,2/14/2018,south
34,1698,2/14/2018,east
35,1512,2/14/2018,west
36,1746,2/15/2018,north
37,1734,2/15/2018,south
38,1524,2/15/2018,east
39,1614,2/15/2018,west
40,1578,2/16/2018,north
41,1782,2/16/2018,south
42,1527,2/16/2018,east
43,1752,2/16/2018,west
44,1785,2/17/2018,north
45,1689,2/17/2018,south
46,1641,2/17/2018,east
47,1575,2/17/2018,west
48,1644,2/18/2018,north
49,1674,2/18/2018,south
50,1551,2/18/2018,east
51,1737,2/18/2018,west
52,1563,2/19/2018,north
53,1647,2/19/2018,south
54,1605,2/19/2018,east
55,1539,2/19/2018,west
56,1698,2/20/2018,north
57,1575,2/20/2018,south
58,1500,2/20/2018,east
59,1551,2/20/2018,west
60,1737,2/21/2018,north
61,1542,2/21/2018,south
62,1665,2/21/2018,east
63,1548,2/21/2018,west
64,1635,2/22/2018,north
65,1632,2/22/2018,south
66,1668,2/22/2018,east
67,1764,2/22/2018,west
68,1533,2/23/2018,north
69,1563,2/23/2018,south
70,1641,2/23/2018,east
71,1773,2/23/2018,west
72,1629,2/24/2018,north
73,1698,2/24/2018,south
74,1725,2/24/2018,east
75,1722,2/24/2018,west
76,1596,2/25/2018,north
77,1710,2/25/2018,south
78,1635,2/25/2018,east
79,1659,2/25/2018,west
80,1686,2/26/2018,north
81,1533,2/26/2018,south
82,1524,2/26/2018,east
83,1530,2/26/2018,west
84,1665,2/27/2018,north
85,1695,2/27/2018,south
86,1578,2/27/2018,east
87,1620,2/27/2018,west
88,1767,2/28/2018,north
89,1593,2/28/2018,south
90,1743,2/28/2018,east
91,1557,2/28/2018,west
92,1668,3/1/2018,north
93,1782,3/1/2018,south
94,1527,3/1/2018,east
95,1668,3/1/2018,west
96,1635,3/2/2018,north
97,1569,3/2/2018,south
98,1746,3/2/2018,east
99,1773,3/2/2018,west
100,1539,3/3/2018,north
101,1500,3/3/2018,south
102,1569,3/3/2018,east
103,1557,3/3/2018,west
104,1773,3/4/2018,north
105,1644,3/4/2018,south
106,1614,3/4/2018,east
107,1674,3/4/2018,west
108,1533,3/5/2018,north
109,1653,3/5/2018,south
110,1557,3/5/2018,east
111,1746,3/5/2018,west
112,1719,3/6/2018,north
113,1719,3/6/2018,south
114,1659,3/6/2018,east
115,1800,3/6/2018,west
116,1581,3/7/2018,north
117,1602,3/7/2018,south
118,1608,3/7/2018,east
119,1650,3/7/2018,west
120,1611,3/8/2018,north
121,1530,3/8/2018,south
122,1698,3/8/2018,east
123,1668,3/8/2018,west
124,1746,3/9/2018,north
125,1524,3/9/2018,south
126,1506,3/9/2018,east
127,1704,3/9/2018,west
128,1788,3/10/2018,north
129,1719,3/10/2018,south
130,1746,3/10/2018,east
131,1584,3/10/2018,west
132,1692,3/11/2018,north
133,1635,3/11/2018,south
134,1608,3/11/2018,east
135,1590,3/11/2018,west
136,1599,3/12/2018,north
137,1518,3/12/2018,south
138,1602,3/12/2018,east
139,1659,3/12/2018,west
140,1644,3/13/2018,north
141,1611,3/13/2018,south
142,1554,3/13/2018,east
143,1515,3/13/2018,west
144,1515,3/14/2018,north
145,1632,3/14/2018,south
146,1512,3/14/2018,east
147,1776,3/14/2018,west
148,1677,3/15/2018,north
149,1503,3/15/2018,south
150,1605,3/15/2018,east
151,1647,3/15/2018,west
152,1506,3/16/2018,north
153,1737,3/16/2018,south
154,1590,3/16/2018,east
155,1767,3/16/2018,west
156,1593,3/17/2018,north
157,1614,3/17/2018,south
158,1710,3/17/2018,east
159,1662,3/17/2018,west
160,1650,3/18/2018,north
161,1755,3/18/2018,south
162,1698,3/18/2018,east
163,1659,3/18/2018,west
164,1683,3/19/2018,north
165,1509,3/19/2018,south
166,1500,3/19/2018,east
167,1545,3/19/2018,west
168,1647,3/20/2018,north
169,1614,3/20/2018,south
170,1629,3/20/2018,east
171,1677,3/20/2018,west
172,1743,3/21/2018,north
173,1569,3/21/2018,south
174,1593,3/21/2018,east
175,1578,3/21/2018,west
176,1578,3/22/2018,north
177,1581,3/22/2018,south
178,1653,3/22/2018,east
179,1578,3/22/2018,west
180,1761,3/23/2018,north
181,1611,3/23/2018,south
182,1749,3/23/2018,east
183,1764,3/23/2018,west
184,1716,3/24/2018,north
185,1710,3/24/2018,south
186,1800,3/24/2018,east
187,1728,3/24/2018,west
188,1743,3/25/2018,north
189,1764,3/25/2018,south
190,1740,3/25/2018,east
191,1707,3/25/2018,west
192,1509,3/26/2018,north
193,1641,3/26/2018,south
194,1533,3/26/2018,east
195,1752,3/26/2018,west
196,1767,3/27/2018,north
197,1590,3/27/2018,south
198,1533,3/27/2018,east
199,1704,3/27/2018,west
200,1671,3/28/2018,north
201,1527,3/28/2018,south
202,1524,3/28/2018,east
203,1629,3/28/2018,west
204,1722,3/29/2018,north
205,1557,3/29/2018,south
206,1686,3/29/2018,east
207,1779,3/29/2018,west
208,1734,3/30/2018,north
209,1776,3/30/2018,south
210,1554,3/30/2018,east
211,1725,3/30/2018,west
212,1617,3/31/2018,north
213,1635,3/31/2018,south
214,1605,3/31/2018,east
215,1785,3/31/2018,west
216,1761,4/1/2018,north
217,1530,4/1/2018,south
218,1710,4/1/2018,east
219,1506,4/1/2018,west
220,1509,4/2/2018,north
221,1797,4/2/2018,south
222,1662,4/2/2018,east
223,1530,4/2/2018,west
224,1767,4/3/2018,north
225,1767,4/3/2018,south
226,1614,4/3/2018,east
227,1533,4/3/2018,west
228,1767,4/4/2018,north
229,1761,4/4/2018,south
230,1566,4/4/2018,east
231,1623,4/4/2018,west
232,1506,4/5/2018,north
233,1512,4/5/2018,south
234,1692,4/5/2018,east
235,1749,4/5/2018,west
236,1701,4/6/2018,north
237,1752,4/6/2018,south
238,1632,4/6/2018,east
239,1515,4/6/2018,west
240,1725,4/7/2018,north
241,1611,4/7/2018,south
242,1788,4/7/2018,east
243,1617,4/7/2018,west
244,1656,4/8/2018,north
245,1674,4/8/2018,south
246,1557,4/8/2018,east
247,1701,4/8/2018,west
248,1686,4/9/2018,north
249,1782,4/9/2018,south
250,1641,4/9/2018,east
251,1557,4/9/2018,west
252,1686,4/10/2018,north
253,1527,4/10/2018,south
254,1698,4/10/2018,east
255,1728,4/10/2018,west
256,1671,4/11/2018,north
257,1527,4/11/2018,south
258,1581,4/11/2018,east
259,1764,4/11/2018,west
260,1653,4/12/2018,north
261,1626,4/12/2018,south
262,1782,4/12/2018,east
263,1749,4/12/2018,west
264,1539,4/13/2018,north
265,1752,4/13/2018,south
266,1674,4/13/2018,east
267,1749,4/13/2018,west
268,1569,4/14/2018,north
269,1794,4/14/2018,south
270,1674,4/14/2018,east
271,1638,4/14/2018,west
272,1515,4/15/2018,north
273,1527,4/15/2018,south
274,1602,4/15/2018,east
275,1653,4/15/2018,west
276,1602,4/16/2018,north
277,1707,4/16/2018,south
278,1548,4/16/2018,east
279,1527,4/16/2018,west
280,1599,4/17/2018,north
281,1728,4/17/2018,south
282,1704,4/17/2018,east
283,1539,4/17/2018,west
284,1545,4/18/2018,north
285,1797,4/18/2018,south
286,1515,4/18/2018,east
287,1719,4/18/2018,west
288,1713,4/19/2018,north
289,1674,4/19/2018,south
290,1767,4/19/2018,east
291,1767,4/19/2018,west
292,1668,4/20/2018,north
293,1620,4/20/2018,south
294,1677,4/20/2018,east
295,1509,4/20/2018,west
296,1683,4/21/2018,north
297,1743,4/21/2018,south
298,1644,4/21/2018,east
299,1578,4/21/2018,west
300,1572,4/22/2018,north
301,1545,4/22/2018,south
302,1557,4/22/2018,east
303,1626,4/22/2018,west
304,1710,4/23/2018,north
305,1659,4/23/2018,south
306,1665,4/23/2018,east
307,1521,4/23/2018,west
308,1503,4/24/2018,north
309,1650,4/24/2018,south
310,1689,4/24/2018,east
311,1743,4/24/2018,west
312,1623,4/25/2018,north
313,1503,4/25/2018,south
314,1758,4/25/2018,east
315,1557,4/25/2018,west
316,1713,4/26/2018,north
317,1734,4/26/2018,south
318,1740,4/26/2018,east
319,1563,4/26/2018,west
320,1716,4/27/2018,north
321,1791,4/27/2018,south
322,1674,4/27/2018,east
323,1716,4/27/2018,west
324,1632,4/28/2018,north
325,1641,4/28/2018,south
326,1584,4/28/2018,east
327,1590,4/28/2018,west
328,1713,4/29/2018,north
329,1593,4/29/2018,south
330,1740,4/29/2018,east
331,1638,4/29/2018,west
332,1653,4/30/2018,north
333,1590,4/30/2018,south
334,1593,4/30/2018,east
335,1602,4/30/2018,west
336,1785,5/1/2018,north
337,1764,5/1/2018,south
338,1506,5/1/2018,east
339,1536,5/1/2018,west
340,1623,5/2/2018,north
341,1674,5/2/2018,south
342,1791,5/2/2018,east
343,1653,5/2/2018,west
344,1785,5/3/2018,north
345,1569,5/3/2018,south
346,1500,5/3/2018,east
347,1770,5/3/2018,west
348,1653,5/4/2018,north
349,1590,5/4/2018,south
350,1671,5/4/2018,east
351,1629,5/4/2018,west
352,1578,5/5/2018,north
353,1665,5/5/2018,south
354,1575,5/5/2018,east
355,1587,5/5/2018,west
356,1674,5/6/2018,north
357,1785,5/6/2018,south
358,1719,5/6/2018,east
359,1617,5/6/2018,west
360,1794,5/7/2018,north
361,1563,5/7/2018,south
362,1728,5/7/2018,east
363,1740,5/7/2018,west
364,1617,5/8/2018,north
365,1650,5/8/2018,south
366,1728,5/8/2018,east
367,1635,5/8/2018,west
368,1584,5/9/2018,north
369,1647,5/9/2018,south
370,1551,5/9/2018,east
371,1512,5/9/2018,west
372,1737,5/10/2018,north
373,1551,5/10/2018,south
374,1515,5/10/2018,east
375,1716,5/10/2018,west
376,1746,5/11/2018,north
377,1677,5/11/2018,south
378,1584,5/11/2018,east
379,1617,5/11/2018,west
380,1743,5/12/2018,north
381,1533,5/12/2018,south
382,1521,5/12/2018,east
383,1578,5/12/2018,west
384,1545,5/13/2018,north
385,1713,5/13/2018,south
386,1665,5/13/2018,east
387,1644,5/13/2018,west
388,1776,5/14/2018,north
389,1560,5/14/2018,south
390,1644,5/14/2018,east
391,1503,5/14/2018,west
392,1800,5/15/2018,north
393,1758,5/15/2018,south
394,1701,5/15/2018,east
395,1671,5/15/2018,west
396,1593,5/16/2018,north
397,1617,5/16/2018,south
398,1626,5/16/2018,east
399,1629,5/16/2018,west
400,1728,5/17/2018,north
401,1506,5/17/2018,south
402,1590,5/17/2018,east
403,1626,5/17/2018,west
404,1782,5/18/2018,north
405,1572,5/18/2018,south
406,1539,5/18/2018,east
407,1509,5/18/2018,west
408,1788,5/19/2018,north
409,1713,5/19/2018,south
410,1626,5/19/2018,east
411,1629,5/19/2018,west
412,1548,5/20/2018,north
413,1716,5/20/2018,south
414,1752,5/20/2018,east
415,1638,5/20/2018,west
416,1575,5/21/2018,north
417,1671,5/21/2018,south
418,1626,5/21/2018,east
419,1572,5/21/2018,west
420,1572,5/22/2018,north
421,1569,5/22/2018,south
422,1581,5/22/2018,east
423,1521,5/22/2018,west
424,1641,5/23/2018,north
425,1692,5/23/2018,south
426,1713,5/23/2018,east
427,1563,5/23/2018,west
428,1524,5/24/2018,north
429,1533,5/24/2018,south
430,1695,5/24/2018,east
431,1533,5/24/2018,west
432,1599,5/25/2018,north
433,1665,5/25/2018,south
434,1713,5/25/2018,east
435,1644,5/25/2018,west
436,1776,5/26/2018,north
437,1530,5/26/2018,south
438,1650,5/26/2018,east
439,1512,5/26/2018,west
440,1629,5/27/2018,north
441,1707,5/27/2018,south
442,1521,5/27/2018,east
443,1761,5/27/2018,west
444,1755,5/28/2018,north
445,1659,5/28/2018,south
446,1800,5/28/2018,east
447,1539,5/28/2018,west
448,1713,5/29/2018,north
449,1752,5/29/2018,south
450,1629,5/29/2018,east
451,1635,5/29/2018,west
452,1674,5/30/2018,north
453,1701,5/30/2018,south
454,1614,5/30/2018,east
455,1794,5/30/2018,west
456,1725,5/31/2018,north
457,1659,5/31/2018,south
458,1536,5/31/2018,east
459,1620,5/31/2018,west
460,1794,6/1/2018,north
461,1623,6/1/2018,south
462,1665,6/1/2018,east
463,1671,6/1/2018,west
464,1752,6/2/2018,north
465,1707,6/2/2018,south
466,1797,6/2/2018,east
467,1668,6/2/2018,west
468,1596,6/3/2018,north
469,1503,6/3/2018,south
470,1578,6/3/2018,east
471,1680,6/3/2018,west
472,1608,6/4/2018,north
473,1683,6/4/2018,south
474,1572,6/4/2018,east
475,1656,6/4/2018,west
476,1713,6/5/2018,north
477,1698,6/5/2018,south
478,1557,6/5/2018,east
479,1782,6/5/2018,west
480,1695,6/6/2018,north
481,1680,6/6/2018,south
482,1761,6/6/2018,east
483,1659,6/6/2018,west
484,1518,6/7/2018,north
485,1572,6/7/2018,south
486,1785,6/7/2018,east
487,1557,6/7/2018,west
488,1719,6/8/2018,north
489,1677,6/8/2018,south
490,1695,6/8/2018,east
491,1602,6/8/2018,west
492,1782,6/9/2018,north
493,1773,6/9/2018,south
494,1656,6/9/2018,east
495,1665,6/9/2018,west
496,1578,6/10/2018,north
497,1641,6/10/2018,south
498,1737,6/10/2018,east
499,1557,6/10/2018,west
500,1788,6/11/2018,north
501,1677,6/11/2018,south
502,1698,6/11/2018,east
503,1728,6/11/2018,west
504,1776,6/12/2018,north
505,1551,6/12/2018,south
506,1548,6/12/2018,east
507,1542,6/12/2018,west
508,1683,6/13/2018,north
509,1683,6/13/2018,south
510,1572,6/13/2018,east
511,1683,6/13/2018,west
512,1761,6/14/2018,north
513,1668,6/14/2018,south
514,1599,6/14/2018,east
515,1593,6/14/2018,west
516,1623,6/15/2018,north
517,1737,6/15/2018,south
518,1593,6/15/2018,east
519,1788,6/15/2018,west
520,1659,6/16/2018,north
521,1641,6/16/2018,south
522,1575,6/16/2018,east
523,1611,6/16/2018,west
524,1599,6/17/2018,north
525,1530,6/17/2018,south
526,1608,6/17/2018,east
527,1626,6/17/2018,west
528,1530,6/18/2018,north
529,1707,6/18/2018,south
530,1611,6/18/2018,east
531,1635,6/18/2018,west
532,1593,6/19/2018,north
533,1749,6/19/2018,south
534,1623,6/19/2018,east
535,1608,6/19/2018,west
536,1665,6/20/2018,north
537,1659,6/20/2018,south
538,1734,6/20/2018,east
539,1557,6/20/2018,west
540,1797,6/21/2018,north
541,1587,6/21/2018,south
542,1557,6/21/2018,east
543,1542,6/21/2018,west
544,1743,6/22/2018,north
545,1797,6/22/2018,south
546,1686,6/22/2018,east
547,1683,6/22/2018,west
548,1791,6/23/2018,north
549,1554,6/23/2018,south
550,1695,6/23/2018,east
551,1566,6/23/2018,west
552,1563,6/24/2018,north
553,1623,6/24/2018,south
554,1530,6/24/2018,east
555,1662,6/24/2018,west
556,1650,6/25/2018,north
557,1602,6/25/2018,south
558,1548,6/25/2018,east
559,1623,6/25/2018,west
560,1728,6/26/2018,north
561,1533,6/26/2018,south
562,1503,6/26/2018,east
563,1629,6/26/2018,west
564,1581,6/27/2018,north
565,1659,6/27/2018,south
566,1707,6/27/2018,east
567,1665,6/27/2018,west
568,1563,6/28/2018,north
569,1638,6/28/2018,south
570,1692,6/28/2018,east
571,1503,6/28/2018,west
572,1686,6/29/2018,north
573,1764,6/29/2018,south
574,1629,6/29/2018,east
575,1779,6/29/2018,west
576,1554,6/30/2018,north
577,1653,6/30/2018,south
578,1515,6/30/2018,east
579,1557,6/30/2018,west
580,1746,7/1/2018,north
581,1671,7/1/2018,south
582,1716,7/1/2018,east
583,1554,7/1/2018,west
584,1695,7/2/2018,north
585,1611,7/2/2018,south
586,1680,7/2/2018,east
587,1671,7/2/2018,west
588,1644,7/3/2018,north
589,1638,7/3/2018,south
590,1623,7/3/2018,east
591,1515,7/3/2018,west
592,1743,7/4/2018,north
593,1587,7/4/2018,south
594,1764,7/4/2018,east
595,1572,7/4/2018,west
596,1752,7/5/2018,north
597,1647,7/5/2018,south
598,1575,7/5/2018,east
599,1500,7/5/2018,west
600,1743,7/6/2018,north
601,1566,7/6/2018,south
602,1758,7/6/2018,east
603,1689,7/6/2018,west
604,1776,7/7/2018,north
605,1770,7/7/2018,south
606,1695,7/7/2018,east
607,1566,7/7/2018,west
608,1623,7/8/2018,north
609,1776,7/8/2018,south
610,1515,7/8/2018,east
611,1761,7/8/2018,west
612,1623,7/9/2018,north
613,1788,7/9/2018,south
614,1542,7/9/2018,east
615,1515,7/9/2018,west
616,1794,7/10/2018,north
617,1794,7/10/2018,south
618,1755,7/10/2018,east
619,1761,7/10/2018,west
620,1605,7/11/2018,north
621,1569,7/11/2018,south
622,1638,7/11/2018,east
623,1677,7/11/2018,west
624,1593,7/12/2018,north
625,1500,7/12/2018,south
626,1539,7/12/2018,east
627,1719,7/12/2018,west
628,1749,7/13/2018,north
629,1596,7/13/2018,south
630,1680,7/13/2018,east
631,1509,7/13/2018,west
632,1500,7/14/2018,north
633,1653,7/14/2018,south
634,1620,7/14/2018,east
635,1575,7/14/2018,west
636,1737,7/15/2018,north
637,1713,7/15/2018,south
638,1698,7/15/2018,east
639,1539,7/15/2018,west
640,1773,7/16/2018,north
641,1707,7/16/2018,south
642,1554,7/16/2018,east
643,1515,7/16/2018,west
644,1551,7/17/2018,north
645,1566,7/17/2018,south
646,1788,7/17/2018,east
647,1614,7/17/2018,west
648,1704,7/18/2018,north
649,1656,7/18/2018,south
650,1530,7/18/2018,east
651,1659,7/18/2018,west
652,1620,7/19/2018,north
653,1725,7/19/2018,south
654,1704,7/19/2018,east
655,1527,7/19/2018,west
656,1731,7/20/2018,north
657,1761,7/20/2018,south
658,1644,7/20/2018,east
659,1653,7/20/2018,west
660,1725,7/21/2018,north
661,1698,7/21/2018,south
662,1662,7/21/2018,east
663,1656,7/21/2018,west
664,1608,7/22/2018,north
665,1773,7/22/2018,south
666,1659,7/22/2018,east
667,1647,7/22/2018,west
668,1638,7/23/2018,north
669,1623,7/23/2018,south
670,1719,7/23/2018,east
671,1629,7/23/2018,west
672,1701,7/24/2018,north
673,1725,7/24/2018,south
674,1752,7/24/2018,east
675,1557,7/24/2018,west
676,1500,7/25/2018,north
677,1707,7/25/2018,south
678,1533,7/25/2018,east
679,1737,7/25/2018,west
680,1605,7/26/2018,north
681,1767,7/26/2018,south
682,1551,7/26/2018,east
683,1521,7/26/2018,west
684,1659,7/27/2018,north
685,1611,7/27/2018,south
686,1695,7/27/2018,east
687,1632,7/27/2018,west
688,1515,7/28/2018,north
689,1584,7/28/2018,south
690,1596,7/28/2018,east
691,1743,7/28/2018,west
692,1791,7/29/2018,north
693,1599,7/29/2018,south
694,1749,7/29/2018,east
695,1755,7/29/2018,west
696,1755,7/30/2018,north
697,1662,7/30/2018,south
698,1509,7/30/2018,east
699,1776,7/30/2018,west
700,1695,7/31/2018,north
701,1707,7/31/2018,south
702,1548,7/31/2018,east
703,1578,7/31/2018,west
704,1563,8/1/2018,north
705,1674,8/1/2018,south
706,1554,8/1/2018,east
707,1665,8/1/2018,west
708,1527,8/2/2018,north
709,1617,8/2/2018,south
710,1548,8/2/2018,east
711,1671,8/2/2018,west
712,1668,8/3/2018,north
713,1671,8/3/2018,south
714,1719,8/3/2018,east
715,1668,8/3/2018,west
716,1536,8/4/2018,north
717,1734,8/4/2018,south
718,1743,8/4/2018,east
719,1776,8/4/2018,west
720,1650,8/5/2018,north
721,1599,8/5/2018,south
722,1614,8/5/2018,east
723,1773,8/5/2018,west
724,1611,8/6/2018,north
725,1605,8/6/2018,south
726,1554,8/6/2018,east
727,1788,8/6/2018,west
728,1566,8/7/2018,north
729,1560,8/7/2018,south
730,1551,8/7/2018,east
731,1626,8/7/2018,west
732,1665,8/8/2018,north
733,1539,8/8/2018,south
734,1506,8/8/2018,east
735,1617,8/8/2018,west
736,1797,8/9/2018,north
737,1794,8/9/2018,south
738,1620,8/9/2018,east
739,1683,8/9/2018,west
740,1620,8/10/2018,north
741,1554,8/10/2018,south
742,1701,8/10/2018,east
743,1785,8/10/2018,west
744,1689,8/11/2018,north
745,1650,8/11/2018,south
746,1533,8/11/2018,east
747,1587,8/11/2018,west
748,1509,8/12/2018,north
749,1743,8/12/2018,south
750,1719,8/12/2018,east
751,1743,8/12/2018,west
752,1701,8/13/2018,north
753,1629,8/13/2018,south
754,1638,8/13/2018,east
755,1611,8/13/2018,west
756,1623,8/14/2018,north
757,1635,8/14/2018,south
758,1716,8/14/2018,east
759,1707,8/14/2018,west
760,1602,8/15/2018,north
761,1542,8/15/2018,south
762,1800,8/15/2018,east
763,1734,8/15/2018,west
764,1788,8/16/2018,north
765,1614,8/16/2018,south
766,1743,8/16/2018,east
767,1770,8/16/2018,west
768,1776,8/17/2018,north
769,1713,8/17/2018,south
770,1623,8/17/2018,east
771,1752,8/17/2018,west
772,1527,8/18/2018,north
773,1776,8/18/2018,south
774,1689,8/18/2018,east
775,1713,8/18/2018,west
776,1509,8/19/2018,north
777,1575,8/19/2018,south
778,1701,8/19/2018,east
779,1575,8/19/2018,west
780,1581,8/20/2018,north
781,1779,8/20/2018,south
782,1662,8/20/2018,east
783,1506,8/20/2018,west
784,1794,8/21/2018,north
785,1659,8/21/2018,south
786,1644,8/21/2018,east
787,1707,8/21/2018,west
788,1704,8/22/2018,north
789,1500,8/22/2018,south
790,1539,8/22/2018,east
791,1800,8/22/2018,west
792,1557,8/23/2018,north
793,1554,8/23/2018,south
794,1788,8/23/2018,east
795,1563,8/23/2018,west
796,1548,8/24/2018,north
797,1560,8/24/2018,south
798,1734,8/24/2018,east
799,1644,8/24/2018,west
800,1629,8/25/2018,north
801,1677,8/25/2018,south
802,1764,8/25/2018,east
803,1515,8/25/2018,west
804,1542,8/26/2018,north
805,1545,8/26/2018,south
806,1668,8/26/2018,east
807,1584,8/26/2018,west
808,1605,8/27/2018,north
809,1740,8/27/2018,south
810,1602,8/27/2018,east
811,1509,8/27/2018,west
812,1566,8/28/2018,north
813,1680,8/28/2018,south
814,1656,8/28/2018,east
815,1722,8/28/2018,west
816,1662,8/29/2018,north
817,1794,8/29/2018,south
818,1734,8/29/2018,east
819,1647,8/29/2018,west
820,1635,8/30/2018,north
821,1743,8/30/2018,south
822,1665,8/30/2018,east
823,1770,8/30/2018,west
824,1749,8/31/2018,north
825,1695,8/31/2018,south
826,1644,8/31/2018,east
827,1602,8/31/2018,west
828,1560,9/1/2018,north
829,1500,9/1/2018,south
830,1719,9/1/2018,east
831,1557,9/1/2018,west
832,1527,9/2/2018,north
833,1653,9/2/2018,south
834,1506,9/2/2018,east
835,1575,9/2/2018,west
836,1749,9/3/2018,north
837,1770,9/3/2018,south
838,1674,9/3/2018,east
839,1650,9/3/2018,west
840,1794,9/4/2018,north
841,1509,9/4/2018,south
842,1785,9/4/2018,east
843,1539,9/4/2018,west
844,1731,9/5/2018,north
845,1617,9/5/2018,south
846,1656,9/5/2018,east
847,1599,9/5/2018,west
848,1713,9/6/2018,north
849,1506,9/6/2018,south
850,1758,9/6/2018,east
851,1650,9/6/2018,west
852,1791,9/7/2018,north
853,1623,9/7/2018,south
854,1776,9/7/2018,east
855,1653,9/7/2018,west
856,1659,9/8/2018,north
857,1755,9/8/2018,south
858,1533,9/8/2018,east
859,1557,9/8/2018,west
860,1527,9/9/2018,north
861,1614,9/9/2018,south
862,1638,9/9/2018,east
863,1704,9/9/2018,west
864,1650,9/10/2018,north
865,1656,9/10/2018,south
866,1782,9/10/2018,east
867,1527,9/10/2018,west
868,1578,9/11/2018,north
869,1767,9/11/2018,south
870,1749,9/11/2018,east
871,1524,9/11/2018,west
872,1719,9/12/2018,north
873,1695,9/12/2018,south
874,1740,9/12/2018,east
875,1533,9/12/2018,west
876,1653,9/13/2018,north
877,1560,9/13/2018,south
878,1677,9/13/2018,east
879,1539,9/13/2018,west
880,1713,9/14/2018,north
881,1554,9/14/2018,south
882,1743,9/14/2018,east
883,1701,9/14/2018,west
884,1587,9/15/2018,north
885,1512,9/15/2018,south
886,1698,9/15/2018,east
887,1746,9/15/2018,west
888,1554,9/16/2018,north
889,1554,9/16/2018,south
890,1782,9/16/2018,east
891,1782,9/16/2018,west
892,1764,9/17/2018,north
893,1620,9/17/2018,south
894,1545,9/17/2018,east
895,1722,9/17/2018,west
896,1503,9/18/2018,north
897,1530,9/18/2018,south
898,1737,9/18/2018,east
899,1692,9/18/2018,west
900,1542,9/19/2018,north
901,1758,9/19/2018,south
902,1779,9/19/2018,east
903,1593,9/19/2018,west
904,1686,9/20/2018,north
905,1749,9/20/2018,south
906,1662,9/20/2018,east
907,1569,9/20/2018,west
908,1590,9/21/2018,north
909,1665,9/21/2018,south
910,1716,9/21/2018,east
911,1704,9/21/2018,west
912,1632,9/22/2018,north
913,1581,9/22/2018,south
914,1758,9/22/2018,east
915,1641,9/22/2018,west
916,1731,9/23/2018,north
917,1677,9/23/2018,south
918,1728,9/23/2018,east
919,1755,9/23/2018,west
920,1611,9/24/2018,north
921,1593,9/24/2018,south
922,1797,9/24/2018,east
923,1560,9/24/2018,west
924,1530,9/25/2018,north
925,1770,9/25/2018,south
926,1611,9/25/2018,east
927,1701,9/25/2018,west
928,1617,9/26/2018,north
929,1515,9/26/2018,south
930,1713,9/26/2018,east
931,1500,9/26/2018,west
932,1632,9/27/2018,north
933,1713,9/27/2018,south
934,1743,9/27/2018,east
935,1587,9/27/2018,west
936,1749,9/28/2018,north
937,1533,9/28/2018,south
938,1653,9/28/2018,east
939,1512,9/28/2018,west
940,1518,9/29/2018,north
941,1623,9/29/2018,south
942,1701,9/29/2018,east
943,1596,9/29/2018,west
944,1746,9/30/2018,north
945,1536,9/30/2018,south
946,1659,9/30/2018,east
947,1524,9/30/2018,west
948,1782,10/1/2018,north
949,1632,10/1/2018,south
950,1755,10/1/2018,east
951,1650,10/1/2018,west
952,1680,10/2/2018,north
953,1701,10/2/2018,south
954,1800,10/2/2018,east
955,1740,10/2/2018,west
956,1563,10/3/2018,north
957,1788,10/3/2018,south
958,1536,10/3/2018,east
959,1764,10/3/2018,west
960,1512,10/4/2018,north
961,1560,10/4/2018,south
962,1626,10/4/2018,east
963,1797,10/4/2018,west
964,1779,10/5/2018,north
965,1683,10/5/2018,south
966,1713,10/5/2018,east
967,1794,10/5/2018,west
968,1584,10/6/2018,north
969,1647,10/6/2018,south
970,1596,10/6/2018,east
971,1515,10/6/2018,west
972,1533,10/7/2018,north
973,1608,10/7/2018,south
974,1794,10/7/2018,east
975,1578,10/7/2018,west
976,1701,10/8/2018,north
977,1617,10/8/2018,south
978,1779,10/8/2018,east
979,1785,10/8/2018,west
980,1680,10/9/2018,north
981,1590,10/9/2018,south
982,1551,10/9/2018,east
983,1587,10/9/2018,west
984,1749,10/10/2018,north
985,1701,10/10/2018,south
986,1599,10/10/2018,east
987,1506,10/10/2018,west
988,1596,10/11/2018,north
989,1800,10/11/2018,south
990,1749,10/11/2018,east
991,1674,10/11/2018,west
992,1782,10/12/2018,north
993,1647,10/12/2018,south
994,1542,10/12/2018,east
995,1656,10/12/2018,west
996,1581,10/13/2018,north
997,1713,10/13/2018,south
998,1722,10/13/2018,east
999,1686,10/13/2018,west
1000,1728,10/14/2018,north
1001,1755,10/14/2018,south
1002,1503,10/14/2018,east
1003,1602,10/14/2018,west
1004,1605,10/15/2018,north
1005,1719,10/15/2018,south
1006,1548,10/15/2018,east
1007,1626,10/15/2018,west
1008,1551,10/16/2018,north
1009,1662,10/16/2018,south
1010,1650,10/16/2018,east
1011,1788,10/16/2018,west
1012,1536,10/17/2018,north
1013,1551,10/17/2018,south
1014,1656,10/17/2018,east
1015,1644,10/17/2018,west
1016,1692,10/18/2018,north
1017,1518,10/18/2018,south
1018,1509,10/18/2018,east
1019,1674,10/18/2018,west
1020,1521,10/19/2018,north
1021,1632,10/19/2018,south
1022,1794,10/19/2018,east
1023,1689,10/19/2018,west
1024,1692,10/20/2018,north
1025,1662,10/20/2018,south
1026,1776,10/20/2018,east
1027,1710,10/20/2018,west
1028,1569,10/21/2018,north
1029,1704,10/21/2018,south
1030,1767,10/21/2018,east
1031,1767,10/21/2018,west
1032,1542,10/22/2018,north
1033,1707,10/22/2018,south
1034,1578,10/22/2018,east
1035,1521,10/22/2018,west
1036,1764,10/23/2018,north
1037,1683,10/23/2018,south
1038,1602,10/23/2018,east
1039,1755,10/23/2018,west
1040,1650,10/24/2018,north
1041,1629,10/24/2018,south
1042,1692,10/24/2018,east
1043,1542,10/24/2018,west
1044,1629,10/25/2018,north
1045,1587,10/25/2018,south
1046,1635,10/25/2018,east
1047,1653,10/25/2018,west
1048,1596,10/26/2018,north
1049,1524,10/26/2018,south
1050,1545,10/26/2018,east
1051,1707,10/26/2018,west
1052,1509,10/27/2018,north
1053,1509,10/27/2018,south
1054,1686,10/27/2018,east
1055,1785,10/27/2018,west
1056,1635,10/28/2018,north
1057,1752,10/28/2018,south
1058,1785,10/28/2018,east
1059,1755,10/28/2018,west
1060,1707,10/29/2018,north
1061,1701,10/29/2018,south
1062,1599,10/29/2018,east
1063,1782,10/29/2018,west
1064,1677,10/30/2018,north
1065,1719,10/30/2018,south
1066,1530,10/30/2018,east
1067,1776,10/30/2018,west
1068,1674,10/31/2018,north
1069,1641,10/31/2018,south
1070,1596,10/31/2018,east
1071,1506,10/31/2018,west
1072,1692,11/1/2018,north
1073,1623,11/1/2018,south
1074,1593,11/1/2018,east
1075,1551,11/1/2018,west
1076,1728,11/2/2018,north
1077,1608,11/2/2018,south
1078,1530,11/2/2018,east
1079,1791,11/2/2018,west
1080,1704,11/3/2018,north
1081,1653,11/3/2018,south
1082,1548,11/3/2018,east
1083,1626,11/3/2018,west
1084,1695,11/4/2018,north
1085,1590,11/4/2018,south
1086,1530,11/4/2018,east
1087,1644,11/4/2018,west
1088,1611,11/5/2018,north
1089,1617,11/5/2018,south
1090,1776,11/5/2018,east
1091,1641,11/5/2018,west
1092,1740,11/6/2018,north
1093,1590,11/6/2018,south
1094,1773,11/6/2018,east
1095,1641,11/6/2018,west
1096,1527,11/7/2018,north
1097,1755,11/7/2018,south
1098,1650,11/7/2018,east
1099,1593,11/7/2018,west
1100,1548,11/8/2018,north
1101,1623,11/8/2018,south
1102,1500,11/8/2018,east
1103,1569,11/8/2018,west
1104,1647,11/9/2018,north
1105,1662,11/9/2018,south
1106,1710,11/9/2018,east
1107,1719,11/9/2018,west
1108,1590,11/10/2018,north
1109,1539,11/10/2018,south
1110,1566,11/10/2018,east
1111,1770,11/10/2018,west
1112,1722,11/11/2018,north
1113,1524,11/11/2018,south
1114,1641,11/11/2018,east
1115,1662,11/11/2018,west
1116,1716,11/12/2018,north
1117,1611,11/12/2018,south
1118,1569,11/12/2018,east
1119,1797,11/12/2018,west
1120,1698,11/13/2018,north
1121,1581,11/13/2018,south
1122,1776,11/13/2018,east
1123,1644,11/13/2018,west
1124,1563,11/14/2018,north
1125,1707,11/14/2018,south
1126,1533,11/14/2018,east
1127,1572,11/14/2018,west
1128,1623,11/15/2018,north
1129,1698,11/15/2018,south
1130,1521,11/15/2018,east
1131,1707,11/15/2018,west
1132,1587,11/16/2018,north
1133,1776,11/16/2018,south
1134,1662,11/16/2018,east
1135,1578,11/16/2018,west
1136,1554,11/17/2018,north
1137,1515,11/17/2018,south
1138,1602,11/17/2018,east
1139,1557,11/17/2018,west
1140,1521,11/18/2018,north
1141,1740,11/18/2018,south
1142,1617,11/18/2018,east
1143,1647,11/18/2018,west
1144,1551,11/19/2018,north
1145,1500,11/19/2018,south
1146,1725,11/19/2018,east
1147,1563,11/19/2018,west
1148,1791,11/20/2018,north
1149,1578,11/20/2018,south
1150,1632,11/20/2018,east
1151,1674,11/20/2018,west
1152,1617,11/21/2018,north
1153,1509,11/21/2018,south
1154,1644,11/21/2018,east
1155,1542,11/21/2018,west
1156,1650,11/22/2018,north
1157,1758,11/22/2018,south
1158,1710,11/22/2018,east
1159,1737,11/22/2018,west
1160,1779,11/23/2018,north
1161,1743,11/23/2018,south
1162,1560,11/23/2018,east
1163,1719,11/23/2018,west
1164,1689,11/24/2018,north
1165,1605,11/24/2018,south
1166,1683,11/24/2018,east
1167,1518,11/24/2018,west
1168,1665,11/25/2018,north
1169,1671,11/25/2018,south
1170,1704,11/25/2018,east
1171,1731,11/25/2018,west
1172,1653,11/26/2018,north
1173,1542,11/26/2018,south
1174,1659,11/26/2018,east
1175,1650,11/26/2018,west
1176,1773,11/27/2018,north
1177,1647,11/27/2018,south
1178,1725,11/27/2018,east
1179,1644,11/27/2018,west
1180,1767,11/28/2018,north
1181,1728,11/28/2018,south
1182,1719,11/28/2018,east
1183,1677,11/28/2018,west
1184,1686,11/29/2018,north
1185,1527,11/29/2018,south
1186,1689,11/29/2018,east
1187,1686,11/29/2018,west
1188,1641,11/30/2018,north
1189,1665,11/30/2018,south
1190,1755,11/30/2018,east
1191,1551,11/30/2018,west
1192,1665,12/1/2018,north
1193,1527,12/1/2018,south
1194,1536,12/1/2018,east
1195,1656,12/1/2018,west
1196,1563,12/2/2018,north
1197,1554,12/2/2018,south
1198,1602,12/2/2018,east
1199,1737,12/2/2018,west
1200,1506,12/3/2018,north
1201,1755,12/3/2018,south
1202,1572,12/3/2018,east
1203,1608,12/3/2018,west
1204,1722,12/4/2018,north
1205,1788,12/4/2018,south
1206,1788,12/4/2018,east
1207,1587,12/4/2018,west
1208,1677,12/5/2018,north
1209,1725,12/5/2018,south
1210,1731,12/5/2018,east
1211,1518,12/5/2018,west
1212,1737,12/6/2018,north
1213,1797,12/6/2018,south
1214,1662,12/6/2018,east
1215,1662,12/6/2018,west
1216,1716,12/7/2018,north
1217,1596,12/7/2018,south
1218,1653,12/7/2018,east
1219,1635,12/7/2018,west
1220,1782,12/8/2018,north
1221,1773,12/8/2018,south
1222,1755,12/8/2018,east
1223,1719,12/8/2018,west
1224,1737,12/9/2018,north
1225,1548,12/9/2018,south
1226,1665,12/9/2018,east
1227,1659,12/9/2018,west
1228,1659,12/10/2018,north
1229,1575,12/10/2018,south
1230,1509,12/10/2018,east
1231,1767,12/10/2018,west
1232,1509,12/11/2018,north
1233,1527,12/11/2018,south
1234,1575,12/11/2018,east
1235,1620,12/11/2018,west
1236,1623,12/12/2018,north
1237,1623,12/12/2018,south
1238,1773,12/12/2018,east
1239,1743,12/12/2018,west
1240,1719,12/13/2018,north
1241,1782,12/13/2018,south
1242,1713,12/13/2018,east
1243,1593,12/13/2018,west
1244,1716,12/14/2018,north
1245,1686,12/14/2018,south
1246,1569,12/14/2018,east
1247,1704,12/14/2018,west
1248,1554,12/15/2018,north
1249,1545,12/15/2018,south
1250,1587,12/15/2018,east
1251,1800,12/15/2018,west
1252,1635,12/16/2018,north
1253,1620,12/16/2018,south
1254,1800,12/16/2018,east
1255,1641,12/16/2018,west
1256,1635,12/17/2018,north
1257,1527,12/17/2018,south
1258,1626,12/17/2018,east
1259,1716,12/17/2018,west
1260,1755,12/18/2018,north
1261,1755,12/18/2018,south
1262,1605,12/18/2018,east
1263,1779,12/18/2018,west
1264,1566,12/19/2018,north
1265,1566,12/19/2018,south
1266,1797,12/19/2018,east
1267,1770,12/19/2018,west
1268,1731,12/20/2018,north
1269,1551,12/20/2018,south
1270,1767,12/20/2018,east
1271,1626,12/20/2018,west
1272,1659,12/21/2018,north
1273,1710,12/21/2018,south
1274,1542,12/21/2018,east
1275,1569,12/21/2018,west
1276,1776,12/22/2018,north
1277,1578,12/22/2018,south
1278,1668,12/22/2018,east
1279,1527,12/22/2018,west
1280,1770,12/23/2018,north
1281,1623,12/23/2018,south
1282,1710,12/23/2018,east
1283,1731,12/23/2018,west
1284,1740,12/24/2018,north
1285,1632,12/24/2018,south
1286,1719,12/24/2018,east
1287,1500,12/24/2018,west
1288,1512,12/25/2018,north
1289,1605,12/25/2018,south
1290,1623,12/25/2018,east
1291,1533,12/25/2018,west
1292,1683,12/26/2018,north
1293,1734,12/26/2018,south
1294,1545,12/26/2018,east
1295,1587,12/26/2018,west
1296,1578,12/27/2018,north
1297,1650,12/27/2018,south
1298,1632,12/27/2018,east
1299,1713,12/27/2018,west
1300,1650,12/28/2018,north
1301,1794,12/28/2018,south
1302,1764,12/28/2018,east
1303,1797,12/28/2018,west
1304,1626,12/29/2018,north
1305,1794,12/29/2018,south
1306,1695,12/29/2018,east
1307,1740,12/29/2018,west
1308,1758,12/30/2018,north
1309,1785,12/30/2018,south
1310,1599,12/30/2018,east
1311,1689,12/30/2018,west
1312,1527,12/31/2018,north
1313,1710,12/31/2018,south
1314,1590,12/31/2018,east
1315,1653,12/31/2018,west
1316,1518,1/1/2019,north
1317,1632,1/1/2019,south
1318,1755,1/1/2019,east
1319,1551,1/1/2019,west
1320,1767,1/2/2019,north
1321,1605,1/2/2019,south
1322,1692,1/2/2019,east
1323,1794,1/2/2019,west
1324,1695,1/3/2019,north
1325,1737,1/3/2019,south
1326,1575,1/3/2019,east
1327,1509,1/3/2019,west
1328,1590,1/4/2019,north
1329,1500,1/4/2019,south
1330,1590,1/4/2019,east
1331,1638,1/4/2019,west
1332,1761,1/5/2019,north
1333,1590,1/5/2019,south
1334,1725,1/5/2019,east
1335,1551,1/5/2019,west
1336,1644,1/6/2019,north
1337,1779,1/6/2019,south
1338,1794,1/6/2019,east
1339,1638,1/6/2019,west
1340,1644,1/7/2019,north
1341,1647,1/7/2019,south
1342,1692,1/7/2019,east
1343,1623,1/7/2019,west
1344,1722,1/8/2019,north
1345,1551,1/8/2019,south
1346,1731,1/8/2019,east
1347,1701,1/8/2019,west
1348,1500,1/9/2019,north
1349,1764,1/9/2019,south
1350,1764,1/9/2019,east
1351,1635,1/9/2019,west
1352,1767,1/10/2019,north
1353,1551,1/10/2019,south
1354,1512,1/10/2019,east
1355,1686,1/10/2019,west
1356,1662,1/11/2019,north
1357,1512,1/11/2019,south
1358,1608,1/11/2019,east
1359,1611,1/11/2019,west
1360,1566,1/12/2019,north
1361,1773,1/12/2019,south
1362,1707,1/12/2019,east
1363,1752,1/12/2019,west
1364,1551,1/13/2019,north
1365,1503,1/13/2019,south
1366,1536,1/13/2019,east
1367,1728,1/13/2019,west
1368,1692,1/14/2019,north
1369,1521,1/14/2019,south
1370,1698,1/14/2019,east
1371,1791,1/14/2019,west
1372,1605,1/15/2019,north
1373,1761,1/15/2019,south
1374,1617,1/15/2019,east
1375,1503,1/15/2019,west
1376,1548,1/16/2019,north
1377,1734,1/16/2019,south
1378,1506,1/16/2019,east
1379,1533,1/16/2019,west
1380,1590,1/17/2019,north
1381,1707,1/17/2019,south
1382,1509,1/17/2019,east
1383,1653,1/17/2019,west
1384,1572,1/18/2019,north
1385,1563,1/18/2019,south
1386,1635,1/18/2019,east
1387,1734,1/18/2019,west
1388,1587,1/19/2019,north
1389,1506,1/19/2019,south
1390,1689,1/19/2019,east
1391,1701,1/19/2019,west
1392,1707,1/20/2019,north
1393,1557,1/20/2019,south
1394,1722,1/20/2019,east
1395,1629,1/20/2019,west
1396,1611,1/21/2019,north
1397,1515,1/21/2019,south
1398,1614,1/21/2019,east
1399,1593,1/21/2019,west
1400,1719,1/22/2019,north
1401,1506,1/22/2019,south
1402,1794,1/22/2019,east
1403,1731,1/22/2019,west
1404,1662,1/23/2019,north
1405,1728,1/23/2019,south
1406,1563,1/23/2019,east
1407,1662,1/23/2019,west
1408,1647,1/24/2019,north
1409,1638,1/24/2019,south
1410,1557,1/24/2019,east
1411,1518,1/24/2019,west
1412,1560,1/25/2019,north
1413,1656,1/25/2019,south
1414,1707,1/25/2019,east
1415,1767,1/25/2019,west
1416,1671,1/26/2019,north
1417,1686,1/26/2019,south
1418,1653,1/26/2019,east
1419,1647,1/26/2019,west
1420,1524,1/27/2019,north
1421,1503,1/27/2019,south
1422,1533,1/27/2019,east
1423,1785,1/27/2019,west
1424,1731,1/28/2019,north
1425,1782,1/28/2019,south
1426,1560,1/28/2019,east
1427,1782,1/28/2019,west
1428,1500,1/29/2019,north
1429,1728,1/29/2019,south
1430,1605,1/29/2019,east
1431,1614,1/29/2019,west
1432,1782,1/30/2019,north
1433,1638,1/30/2019,south
1434,1797,1/30/2019,east
1435,1641,1/30/2019,west
1436,1650,1/31/2019,north
1437,1536,1/31/2019,south
1438,1599,1/31/2019,east
1439,1740,1/31/2019,west
1440,1749,2/1/2019,north
1441,1581,2/1/2019,south
1442,1662,2/1/2019,east
1443,1509,2/1/2019,west
1444,1596,2/2/2019,north
1445,1638,2/2/2019,south
1446,1746,2/2/2019,east
1447,1611,2/2/2019,west
1448,1602,2/3/2019,north
1449,1722,2/3/2019,south
1450,1734,2/3/2019,east
1451,1749,2/3/2019,west
1452,1548,2/4/2019,north
1453,1647,2/4/2019,south
1454,1560,2/4/2019,east
1455,1542,2/4/2019,west
1456,1617,2/5/2019,north
1457,1659,2/5/2019,south
1458,1674,2/5/2019,east
1459,1524,2/5/2019,west
1460,1551,2/6/2019,north
1461,1722,2/6/2019,south
1462,1563,2/6/2019,east
1463,1692,2/6/2019,west
1464,1734,2/7/2019,north
1465,1584,2/7/2019,south
1466,1662,2/7/2019,east
1467,1545,2/7/2019,west
1468,1662,2/8/2019,north
1469,1614,2/8/2019,south
1470,1719,2/8/2019,east
1471,1788,2/8/2019,west
1472,1779,2/9/2019,north
1473,1665,2/9/2019,south
1474,1605,2/9/2019,east
1475,1641,2/9/2019,west
1476,1725,2/10/2019,north
1477,1611,2/10/2019,south
1478,1560,2/10/2019,east
1479,1575,2/10/2019,west
1480,1563,2/11/2019,north
1481,1773,2/11/2019,south
1482,1536,2/11/2019,east
1483,1551,2/11/2019,west
1484,1572,2/12/2019,north
1485,1608,2/12/2019,south
1486,1752,2/12/2019,east
1487,1734,2/12/2019,west
1488,1686,2/13/2019,north
1489,1782,2/13/2019,south
1490,1500,2/13/2019,east
1491,1731,2/13/2019,west
1492,1725,2/14/2019,north
1493,1578,2/14/2019,south
1494,1560,2/14/2019,east
1495,1644,2/14/2019,west
1496,1566,2/15/2019,north
1497,1584,2/15/2019,south
1498,1695,2/15/2019,east
1499,1734,2/15/2019,west
1500,1794,2/16/2019,north
1501,1731,2/16/2019,south
1502,1674,2/16/2019,east
1503,1599,2/16/2019,west
1504,1512,2/17/2019,north
1505,1653,2/17/2019,south
1506,1722,2/17/2019,east
1507,1641,2/17/2019,west
1508,1695,2/18/2019,north
1509,1749,2/18/2019,south
1510,1728,2/18/2019,east
1511,1764,2/18/2019,west
1512,1716,2/19/2019,north
1513,1599,2/19/2019,south
1514,1596,2/19/2019,east
1515,1644,2/19/2019,west
1516,1740,2/20/2019,north
1517,1641,2/20/2019,south
1518,1566,2/20/2019,east
1519,1656,2/20/2019,west
1520,1599,2/21/2019,north
1521,1725,2/21/2019,south
1522,1731,2/21/2019,east
1523,1719,2/21/2019,west
1524,1770,2/22/2019,north
1525,1794,2/22/2019,south
1526,1725,2/22/2019,east
1527,1713,2/22/2019,west
1528,1599,2/23/2019,north
1529,1743,2/23/2019,south
1530,1518,2/23/2019,east
1531,1614,2/23/2019,west
1532,1692,2/24/2019,north
1533,1755,2/24/2019,south
1534,1653,2/24/2019,east
1535,1524,2/24/2019,west
1536,1635,2/25/2019,north
1537,1734,2/25/2019,south
1538,1713,2/25/2019,east
1539,1578,2/25/2019,west
1540,1566,2/26/2019,north
1541,1653,2/26/2019,south
1542,1506,2/26/2019,east
1543,1656,2/26/2019,west
1544,1593,2/27/2019,north
1545,1545,2/27/2019,south
1546,1734,2/27/2019,east
1547,1635,2/27/2019,west
1548,1710,2/28/2019,north
1549,1569,2/28/2019,south
1550,1731,2/28/2019,east
1551,1599,2/28/2019,west
1552,1593,3/1/2019,north
1553,1707,3/1/2019,south
1554,1638,3/1/2019,east
1555,1539,3/1/2019,west
1556,1782,3/2/2019,north
1557,1794,3/2/2019,south
1558,1608,3/2/2019,east
1559,1689,3/2/2019,west
1560,1698,3/3/2019,north
1561,1518,3/3/2019,south
1562,1593,3/3/2019,east
1563,1611,3/3/2019,west
1564,1587,3/4/2019,north
1565,1686,3/4/2019,south
1566,1518,3/4/2019,east
1567,1632,3/4/2019,west
1568,1566,3/5/2019,north
1569,1569,3/5/2019,south
1570,1743,3/5/2019,east
1571,1557,3/5/2019,west
1572,1746,3/6/2019,north
1573,1662,3/6/2019,south
1574,1674,3/6/2019,east
1575,1608,3/6/2019,west
1576,1551,3/7/2019,north
1577,1581,3/7/2019,south
1578,1560,3/7/2019,east
1579,1674,3/7/2019,west
1580,1521,3/8/2019,north
1581,1782,3/8/2019,south
1582,1617,3/8/2019,east
1583,1797,3/8/2019,west
1584,1533,3/9/2019,north
1585,1749,3/9/2019,south
1586,1656,3/9/2019,east
1587,1644,3/9/2019,west
1588,1545,3/10/2019,north
1589,1776,3/10/2019,south
1590,1650,3/10/2019,east
1591,1737,3/10/2019,west
1592,1659,3/11/2019,north
1593,1722,3/11/2019,south
1594,1689,3/11/2019,east
1595,1692,3/11/2019,west
1596,1518,3/12/2019,north
1597,1581,3/12/2019,south
1598,1626,3/12/2019,east
1599,1668,3/12/2019,west
1600,1524,3/13/2019,north
1601,1797,3/13/2019,south
1602,1542,3/13/2019,east
1603,1653,3/13/2019,west
1604,1677,3/14/2019,north
1605,1524,3/14/2019,south
1606,1692,3/14/2019,east
1607,1704,3/14/2019,west
1608,1647,3/15/2019,north
1609,1671,3/15/2019,south
1610,1563,3/15/2019,east
1611,1650,3/15/2019,west
1612,1563,3/16/2019,north
1613,1680,3/16/2019,south
1614,1728,3/16/2019,east
1615,1680,3/16/2019,west
1616,1683,3/17/2019,north
1617,1638,3/17/2019,south
1618,1545,3/17/2019,east
1619,1671,3/17/2019,west
1620,1701,3/18/2019,north
1621,1515,3/18/2019,south
1622,1764,3/18/2019,east
1623,1668,3/18/2019,west
1624,1677,3/19/2019,north
1625,1752,3/19/2019,south
1626,1635,3/19/2019,east
1627,1605,3/19/2019,west
1628,1635,3/20/2019,north
1629,1596,3/20/2019,south
1630,1608,3/20/2019,east
1631,1779,3/20/2019,west
1632,1776,3/21/2019,north
1633,1635,3/21/2019,south
1634,1791,3/21/2019,east
1635,1779,3/21/2019,west
1636,1746,3/22/2019,north
1637,1545,3/22/2019,south
1638,1767,3/22/2019,east
1639,1731,3/22/2019,west
1640,1734,3/23/2019,north
1641,1509,3/23/2019,south
1642,1686,3/23/2019,east
1643,1797,3/23/2019,west
1644,1566,3/24/2019,north
1645,1557,3/24/2019,south
1646,1797,3/24/2019,east
1647,1755,3/24/2019,west
1648,1650,3/25/2019,north
1649,1500,3/25/2019,south
1650,1554,3/25/2019,east
1651,1734,3/25/2019,west
1652,1701,3/26/2019,north
1653,1782,3/26/2019,south
1654,1797,3/26/2019,east
1655,1557,3/26/2019,west
1656,1668,3/27/2019,north
1657,1575,3/27/2019,south
1658,1608,3/27/2019,east
1659,1527,3/27/2019,west
1660,1518,3/28/2019,north
1661,1509,3/28/2019,south
1662,1767,3/28/2019,east
1663,1557,3/28/2019,west
1664,1605,3/29/2019,north
1665,1686,3/29/2019,south
1666,1656,3/29/2019,east
1667,1653,3/29/2019,west
1668,1722,3/30/2019,north
1669,1593,3/30/2019,south
1670,1557,3/30/2019,east
1671,1710,3/30/2019,west
1672,1785,3/31/2019,north
1673,1710,3/31/2019,south
1674,1653,3/31/2019,east
1675,1572,3/31/2019,west
1676,1512,4/1/2019,north
1677,1794,4/1/2019,south
1678,1569,4/1/2019,east
1679,1608,4/1/2019,west
1680,1623,4/2/2019,north
1681,1791,4/2/2019,south
1682,1785,4/2/2019,east
1683,1629,4/2/2019,west
1684,1539,4/3/2019,north
1685,1626,4/3/2019,south
1686,1695,4/3/2019,east
1687,1518,4/3/2019,west
1688,1530,4/4/2019,north
1689,1683,4/4/2019,south
1690,1662,4/4/2019,east
1691,1632,4/4/2019,west
1692,1614,4/5/2019,north
1693,1605,4/5/2019,south
1694,1662,4/5/2019,east
1695,1713,4/5/2019,west
1696,1749,4/6/2019,north
1697,1713,4/6/2019,south
1698,1716,4/6/2019,east
1699,1557,4/6/2019,west
1700,1605,4/7/2019,north
1701,1635,4/7/2019,south
1702,1518,4/7/2019,east
1703,1632,4/7/2019,west
1704,1713,4/8/2019,north
1705,1779,4/8/2019,south
1706,1743,4/8/2019,east
1707,1575,4/8/2019,west
1708,1728,4/9/2019,north
1709,1719,4/9/2019,south
1710,1755,4/9/2019,east
1711,1617,4/9/2019,west
1712,1542,4/10/2019,north
1713,1626,4/10/2019,south
1714,1509,4/10/2019,east
1715,1638,4/10/2019,west
1716,1581,4/11/2019,north
1717,1680,4/11/2019,south
1718,1569,4/11/2019,east
1719,1635,4/11/2019,west
1720,1539,4/12/2019,north
1721,1587,4/12/2019,south
1722,1593,4/12/2019,east
1723,1581,4/12/2019,west
1724,1515,4/13/2019,north
1725,1611,4/13/2019,south
1726,1644,4/13/2019,east
1727,1794,4/13/2019,west
1728,1500,4/14/2019,north
1729,1737,4/14/2019,south
1730,1722,4/14/2019,east
1731,1764,4/14/2019,west
1732,1530,4/15/2019,north
1733,1602,4/15/2019,south
1734,1524,4/15/2019,east
1735,1770,4/15/2019,west
1736,1596,4/16/2019,north
1737,1668,4/16/2019,south
1738,1584,4/16/2019,east
1739,1713,4/16/2019,west
1740,1569,4/17/2019,north
1741,1686,4/17/2019,south
1742,1647,4/17/2019,east
1743,1509,4/17/2019,west
1744,1590,4/18/2019,north
1745,1650,4/18/2019,south
1746,1557,4/18/2019,east
1747,1575,4/18/2019,west
1748,1773,4/19/2019,north
1749,1629,4/19/2019,south
1750,1524,4/19/2019,east
1751,1512,4/19/2019,west
1752,1521,4/20/2019,north
1753,1653,4/20/2019,south
1754,1584,4/20/2019,east
1755,1713,4/20/2019,west
1756,1683,4/21/2019,north
1757,1749,4/21/2019,south
1758,1545,4/21/2019,east
1759,1629,4/21/2019,west
1760,1533,4/22/2019,north
1761,1587,4/22/2019,south
1762,1671,4/22/2019,east
1763,1650,4/22/2019,west
1764,1668,4/23/2019,north
1765,1674,4/23/2019,south
1766,1728,4/23/2019,east
1767,1518,4/23/2019,west
1768,1554,4/24/2019,north
1769,1719,4/24/2019,south
1770,1746,4/24/2019,east
1771,1665,4/24/2019,west
1772,1503,4/25/2019,north
1773,1692,4/25/2019,south
1774,1725,4/25/2019,east
1775,1764,4/25/2019,west
1776,1710,4/26/2019,north
1777,1635,4/26/2019,south
1778,1764,4/26/2019,east
1779,1758,4/26/2019,west
1780,1740,4/27/2019,north
1781,1776,4/27/2019,south
1782,1740,4/27/2019,east
1783,1620,4/27/2019,west
1784,1566,4/28/2019,north
1785,1704,4/28/2019,south
1786,1578,4/28/2019,east
1787,1503,4/28/2019,west
1788,1602,4/29/2019,north
1789,1791,4/29/2019,south
1790,1752,4/29/2019,east
1791,1800,4/29/2019,west
1792,1719,4/30/2019,north
1793,1767,4/30/2019,south
1794,1500,4/30/2019,east
1795,1623,4/30/2019,west
1796,1665,5/1/2019,north
1797,1800,5/1/2019,south
1798,1731,5/1/2019,east
1799,1542,5/1/2019,west
1800,1575,5/2/2019,north
1801,1548,5/2/2019,south
1802,1797,5/2/2019,east
1803,1521,5/2/2019,west
1804,1560,5/3/2019,north
1805,1521,5/3/2019,south
1806,1605,5/3/2019,east
1807,1740,5/3/2019,west
1808,1617,5/4/2019,north
1809,1743,5/4/2019,south
1810,1629,5/4/2019,east
1811,1749,5/4/2019,west
1812,1512,5/5/2019,north
1813,1746,5/5/2019,south
1814,1530,5/5/2019,east
1815,1611,5/5/2019,west
1816,1569,5/6/2019,north
1817,1689,5/6/2019,south
1818,1557,5/6/2019,east
1819,1560,5/6/2019,west
1820,1650,5/7/2019,north
1821,1695,5/7/2019,south
1822,1620,5/7/2019,east
1823,1644,5/7/2019,west
1824,1800,5/8/2019,north
1825,1515,5/8/2019,south
1826,1785,5/8/2019,east
1827,1650,5/8/2019,west
1828,1797,5/9/2019,north
1829,1641,5/9/2019,south
1830,1665,5/9/2019,east
1831,1767,5/9/2019,west
1832,1500,5/10/2019,north
1833,1788,5/10/2019,south
1834,1725,5/10/2019,east
1835,1557,5/10/2019,west
1836,1503,5/11/2019,north
1837,1518,5/11/2019,south
1838,1650,5/11/2019,east
1839,1614,5/11/2019,west
1840,1743,5/12/2019,north
1841,1524,5/12/2019,south
1842,1761,5/12/2019,east
1843,1743,5/12/2019,west
1844,1563,5/13/2019,north
1845,1716,5/13/2019,south
1846,1560,5/13/2019,east
1847,1614,5/13/2019,west
1848,1617,5/14/2019,north
1849,1761,5/14/2019,south
1850,1635,5/14/2019,east
1851,1614,5/14/2019,west
1852,1509,5/15/2019,north
1853,1650,5/15/2019,south
1854,1755,5/15/2019,east
1855,1569,5/15/2019,west
1856,1605,5/16/2019,north
1857,1695,5/16/2019,south
1858,1662,5/16/2019,east
1859,1605,5/16/2019,west
1860,1731,5/17/2019,north
1861,1590,5/17/2019,south
1862,1620,5/17/2019,east
1863,1752,5/17/2019,west
1864,1533,5/18/2019,north
1865,1737,5/18/2019,south
1866,1608,5/18/2019,east
1867,1662,5/18/2019,west
1868,1797,5/19/2019,north
1869,1728,5/19/2019,south
1870,1686,5/19/2019,east
1871,1650,5/19/2019,west
1872,1695,5/20/2019,north
1873,1752,5/20/2019,south
1874,1785,5/20/2019,east
1875,1668,5/20/2019,west
1876,1515,5/21/2019,north
1877,1683,5/21/2019,south
1878,1794,5/21/2019,east
1879,1533,5/21/2019,west
1880,1599,5/22/2019,north
1881,1761,5/22/2019,south
1882,1761,5/22/2019,east
1883,1722,5/22/2019,west
1884,1626,5/23/2019,north
1885,1668,5/23/2019,south
1886,1641,5/23/2019,east
1887,1740,5/23/2019,west
1888,1650,5/24/2019,north
1889,1623,5/24/2019,south
1890,1653,5/24/2019,east
1891,1773,5/24/2019,west
1892,1788,5/25/2019,north
1893,1581,5/25/2019,south
1894,1677,5/25/2019,east
1895,1569,5/25/2019,west
1896,1791,5/26/2019,north
1897,1617,5/26/2019,south
1898,1638,5/26/2019,east
1899,1542,5/26/2019,west
1900,1590,5/27/2019,north
1901,1704,5/27/2019,south
1902,1680,5/27/2019,east
1903,1527,5/27/2019,west
1904,1635,5/28/2019,north
1905,1755,5/28/2019,south
1906,1560,5/28/2019,east
1907,1533,5/28/2019,west
1908,1599,5/29/2019,north
1909,1677,5/29/2019,south
1910,1581,5/29/2019,east
1911,1680,5/29/2019,west
1912,1692,5/30/2019,north
1913,1644,5/30/2019,south
1914,1716,5/30/2019,east
1915,1761,5/30/2019,west
1916,1716,5/31/2019,north
1917,1764,5/31/2019,south
1918,1677,5/31/2019,east
1919,1605,5/31/2019,west
1920,1680,6/1/2019,north
1921,1695,6/1/2019,south
1922,1548,6/1/2019,east
1923,1689,6/1/2019,west
1924,1755,6/2/2019,north
1925,1707,6/2/2019,south
1926,1557,6/2/2019,east
1927,1644,6/2/2019,west
1928,1719,6/3/2019,north
1929,1680,6/3/2019,south
1930,1581,6/3/2019,east
1931,1749,6/3/2019,west
1932,1602,6/4/2019,north
1933,1704,6/4/2019,south
1934,1602,6/4/2019,east
1935,1554,6/4/2019,west
1936,1632,6/5/2019,north
1937,1560,6/5/2019,south
1938,1647,6/5/2019,east
1939,1560,6/5/2019,west
1940,1662,6/6/2019,north
1941,1545,6/6/2019,south
1942,1614,6/6/2019,east
1943,1746,6/6/2019,west
1944,1713,6/7/2019,north
1945,1668,6/7/2019,south
1946,1503,6/7/2019,east
1947,1758,6/7/2019,west
1948,1656,6/8/2019,north
1949,1560,6/8/2019,south
1950,1710,6/8/2019,east
1951,1677,6/8/2019,west
1952,1782,6/9/2019,north
1953,1665,6/9/2019,south
1954,1782,6/9/2019,east
1955,1797,6/9/2019,west
1956,1698,6/10/2019,north
1957,1689,6/10/2019,south
1958,1623,6/10/2019,east
1959,1767,6/10/2019,west
1960,1635,6/11/2019,north
1961,1563,6/11/2019,south
1962,1785,6/11/2019,east
1963,1521,6/11/2019,west
1964,1728,6/12/2019,north
1965,1515,6/12/2019,south
1966,1548,6/12/2019,east
1967,1677,6/12/2019,west
1968,1587,6/13/2019,north
1969,1719,6/13/2019,south
1970,1587,6/13/2019,east
1971,1773,6/13/2019,west
1972,1557,6/14/2019,north
1973,1680,6/14/2019,south
1974,1773,6/14/2019,east
1975,1509,6/14/2019,west
1976,1602,6/15/2019,north
1977,1794,6/15/2019,south
1978,1764,6/15/2019,east
1979,1785,6/15/2019,west
1980,1662,6/16/2019,north
1981,1563,6/16/2019,south
1982,1671,6/16/2019,east
1983,1533,6/16/2019,west
1984,1587,6/17/2019,north
1985,1512,6/17/2019,south
1986,1536,6/17/2019,east
1987,1566,6/17/2019,west
1988,1767,6/18/2019,north
1989,1614,6/18/2019,south
1990,1776,6/18/2019,east
1991,1728,6/18/2019,west
1992,1614,6/19/2019,north
1993,1572,6/19/2019,south
1994,1614,6/19/2019,east
1995,1734,6/19/2019,west
1996,1566,6/20/2019,north
1997,1632,6/20/2019,south
1998,1785,6/20/2019,east
1999,1770,6/20/2019,west
2000,1725,6/21/2019,north
2001,1542,6/21/2019,south
2002,1677,6/21/2019,east
2003,1533,6/21/2019,west
2004,1578,6/22/2019,north
2005,1713,6/22/2019,south
2006,1776,6/22/2019,east
2007,1515,6/22/2019,west
2008,1587,6/23/2019,north
2009,1770,6/23/2019,south
2010,1773,6/23/2019,east
2011,1671,6/23/2019,west
2012,1704,6/24/2019,north
2013,1545,6/24/2019,south
2014,1671,6/24/2019,east
2015,1800,6/24/2019,west
2016,1611,6/25/2019,north
2017,1797,6/25/2019,south
2018,1623,6/25/2019,east
2019,1776,6/25/2019,west
2020,1677,6/26/2019,north
2021,1800,6/26/2019,south
2022,1794,6/26/2019,east
2023,1686,6/26/2019,west
2024,1671,6/27/2019,north
2025,1635,6/27/2019,south
2026,1740,6/27/2019,east
2027,1671,6/27/2019,west
2028,1671,6/28/2019,north
2029,1770,6/28/2019,south
2030,1773,6/28/2019,east
2031,1581,6/28/2019,west
2032,1533,6/29/2019,north
2033,1650,6/29/2019,south
2034,1536,6/29/2019,east
2035,1548,6/29/2019,west
2036,1785,6/30/2019,north
2037,1614,6/30/2019,south
2038,1569,6/30/2019,east
2039,1800,6/30/2019,west
2040,1644,7/1/2019,north
2041,1659,7/1/2019,south
2042,1659,7/1/2019,east
2043,1644,7/1/2019,west
2044,1656,7/2/2019,north
2045,1566,7/2/2019,south
2046,1686,7/2/2019,east
2047,1677,7/2/2019,west
2048,1770,7/3/2019,north
2049,1689,7/3/2019,south
2050,1704,7/3/2019,east
2051,1800,7/3/2019,west
2052,1782,7/4/2019,north
2053,1746,7/4/2019,south
2054,1527,7/4/2019,east
2055,1581,7/4/2019,west
2056,1518,7/5/2019,north
2057,1554,7/5/2019,south
2058,1548,7/5/2019,east
2059,1533,7/5/2019,west
2060,1791,7/6/2019,north
2061,1578,7/6/2019,south
2062,1779,7/6/2019,east
2063,1704,7/6/2019,west
2064,1587,7/7/2019,north
2065,1593,7/7/2019,south
2066,1644,7/7/2019,east
2067,1680,7/7/2019,west
2068,1614,7/8/2019,north
2069,1704,7/8/2019,south
2070,1797,7/8/2019,east
2071,1770,7/8/2019,west
2072,1605,7/9/2019,north
2073,1686,7/9/2019,south
2074,1794,7/9/2019,east
2075,1713,7/9/2019,west
2076,1755,7/10/2019,north
2077,1500,7/10/2019,south
2078,1632,7/10/2019,east
2079,1800,7/10/2019,west
2080,1800,7/11/2019,north
2081,1650,7/11/2019,south
2082,1704,7/11/2019,east
2083,1590,7/11/2019,west
2084,1779,7/12/2019,north
2085,1554,7/12/2019,south
2086,1635,7/12/2019,east
2087,1608,7/12/2019,west
2088,1791,7/13/2019,north
2089,1779,7/13/2019,south
2090,1527,7/13/2019,east
2091,1689,7/13/2019,west
2092,1782,7/14/2019,north
2093,1662,7/14/2019,south
2094,1620,7/14/2019,east
2095,1692,7/14/2019,west
2096,1551,7/15/2019,north
2097,1620,7/15/2019,south
2098,1725,7/15/2019,east
2099,1602,7/15/2019,west
2100,1518,7/16/2019,north
2101,1761,7/16/2019,south
2102,1539,7/16/2019,east
2103,1614,7/16/2019,west
2104,1548,7/17/2019,north
2105,1551,7/17/2019,south
2106,1722,7/17/2019,east
2107,1662,7/17/2019,west
2108,1509,7/18/2019,north
2109,1773,7/18/2019,south
2110,1767,7/18/2019,east
2111,1581,7/18/2019,west
2112,1626,7/19/2019,north
2113,1734,7/19/2019,south
2114,1761,7/19/2019,east
2115,1659,7/19/2019,west
2116,1638,7/20/2019,north
2117,1539,7/20/2019,south
2118,1782,7/20/2019,east
2119,1728,7/20/2019,west
2120,1746,7/21/2019,north
2121,1536,7/21/2019,south
2122,1719,7/21/2019,east
2123,1773,7/21/2019,west
2124,1611,7/22/2019,north
2125,1665,7/22/2019,south
2126,1506,7/22/2019,east
2127,1746,7/22/2019,west
2128,1770,7/23/2019,north
2129,1734,7/23/2019,south
2130,1707,7/23/2019,east
2131,1620,7/23/2019,west
2132,1569,7/24/2019,north
2133,1656,7/24/2019,south
2134,1617,7/24/2019,east
2135,1638,7/24/2019,west
2136,1701,7/25/2019,north
2137,1713,7/25/2019,south
2138,1557,7/25/2019,east
2139,1725,7/25/2019,west
2140,1605,7/26/2019,north
2141,1770,7/26/2019,south
2142,1557,7/26/2019,east
2143,1755,7/26/2019,west
2144,1737,7/27/2019,north
2145,1785,7/27/2019,south
2146,1545,7/27/2019,east
2147,1560,7/27/2019,west
2148,1509,7/28/2019,north
2149,1761,7/28/2019,south
2150,1551,7/28/2019,east
2151,1683,7/28/2019,west
2152,1644,7/29/2019,north
2153,1608,7/29/2019,south
2154,1719,7/29/2019,east
2155,1794,7/29/2019,west
2156,1764,7/30/2019,north
2157,1512,7/30/2019,south
2158,1701,7/30/2019,east
2159,1797,7/30/2019,west
2160,1734,7/31/2019,north
2161,1791,7/31/2019,south
2162,1761,7/31/2019,east
2163,1587,7/31/2019,west
2164,1596,8/1/2019,north
2165,1542,8/1/2019,south
2166,1710,8/1/2019,east
2167,1701,8/1/2019,west
2168,1647,8/2/2019,north
2169,1524,8/2/2019,south
2170,1782,8/2/2019,east
2171,1716,8/2/2019,west
2172,1752,8/3/2019,north
2173,1686,8/3/2019,south
2174,1764,8/3/2019,east
2175,1755,8/3/2019,west
2176,1578,8/4/2019,north
2177,1539,8/4/2019,south
2178,1743,8/4/2019,east
2179,1596,8/4/2019,west
2180,1506,8/5/2019,north
2181,1527,8/5/2019,south
2182,1626,8/5/2019,east
2183,1530,8/5/2019,west
2184,1521,8/6/2019,north
2185,1713,8/6/2019,south
2186,1761,8/6/2019,east
2187,1557,8/6/2019,west
2188,1584,8/7/2019,north
2189,1764,8/7/2019,south
2190,1623,8/7/2019,east
2191,1776,8/7/2019,west
2192,1749,8/8/2019,north
2193,1707,8/8/2019,south
2194,1629,8/8/2019,east
2195,1773,8/8/2019,west
2196,1758,8/9/2019,north
2197,1671,8/9/2019,south
2198,1659,8/9/2019,east
2199,1641,8/9/2019,west
2200,1596,8/10/2019,north
2201,1626,8/10/2019,south
2202,1557,8/10/2019,east
2203,1695,8/10/2019,west
2204,1659,8/11/2019,north
2205,1680,8/11/2019,south
2206,1683,8/11/2019,east
2207,1692,8/11/2019,west
2208,1569,8/12/2019,north
2209,1740,8/12/2019,south
2210,1650,8/12/2019,east
2211,1569,8/12/2019,west
2212,1701,8/13/2019,north
2213,1677,8/13/2019,south
2214,1533,8/13/2019,east
2215,1587,8/13/2019,west
2216,1713,8/14/2019,north
2217,1611,8/14/2019,south
2218,1524,8/14/2019,east
2219,1725,8/14/2019,west
2220,1761,8/15/2019,north
2221,1569,8/15/2019,south
2222,1668,8/15/2019,east
2223,1563,8/15/2019,west
2224,1734,8/16/2019,north
2225,1524,8/16/2019,south
2226,1731,8/16/2019,east
2227,1665,8/16/2019,west
2228,1710,8/17/2019,north
2229,1509,8/17/2019,south
2230,1539,8/17/2019,east
2231,1533,8/17/2019,west
2232,1785,8/18/2019,north
2233,1665,8/18/2019,south
2234,1722,8/18/2019,east
2235,1659,8/18/2019,west
2236,1791,8/19/2019,north
2237,1680,8/19/2019,south
2238,1542,8/19/2019,east
2239,1701,8/19/2019,west
2240,1671,8/20/2019,north
2241,1656,8/20/2019,south
2242,1536,8/20/2019,east
2243,1800,8/20/2019,west
2244,1605,8/21/2019,north
2245,1671,8/21/2019,south
2246,1590,8/21/2019,east
2247,1545,8/21/2019,west
2248,1500,8/22/2019,north
2249,1779,8/22/2019,south
2250,1656,8/22/2019,east
2251,1731,8/22/2019,west
2252,1614,8/23/2019,north
2253,1782,8/23/2019,south
2254,1629,8/23/2019,east
2255,1635,8/23/2019,west
2256,1548,8/24/2019,north
2257,1776,8/24/2019,south
2258,1743,8/24/2019,east
2259,1737,8/24/2019,west
2260,1644,8/25/2019,north
2261,1626,8/25/2019,south
2262,1680,8/25/2019,east
2263,1524,8/25/2019,west
2264,1515,8/26/2019,north
2265,1704,8/26/2019,south
2266,1653,8/26/2019,east
2267,1554,8/26/2019,west
2268,1644,8/27/2019,north
2269,1674,8/27/2019,south
2270,1665,8/27/2019,east
2271,1755,8/27/2019,west
2272,1566,8/28/2019,north
2273,1659,8/28/2019,south
2274,1515,8/28/2019,east
2275,1779,8/28/2019,west
2276,1572,8/29/2019,north
2277,1770,8/29/2019,south
2278,1632,8/29/2019,east
2279,1677,8/29/2019,west
2280,1755,8/30/2019,north
2281,1527,8/30/2019,south
2282,1623,8/30/2019,east
2283,1668,8/30/2019,west
2284,1683,8/31/2019,north
2285,1698,8/31/2019,south
2286,1749,8/31/2019,east
2287,1632,8/31/2019,west
2288,1785,9/1/2019,north
2289,1707,9/1/2019,south
2290,1518,9/1/2019,east
2291,1563,9/1/2019,west
2292,1701,9/2/2019,north
2293,1605,9/2/2019,south
2294,1596,9/2/2019,east
2295,1605,9/2/2019,west
2296,1716,9/3/2019,north
2297,1569,9/3/2019,south
2298,1725,9/3/2019,east
2299,1542,9/3/2019,west
2300,1692,9/4/2019,north
2301,1560,9/4/2019,south
2302,1515,9/4/2019,east
2303,1653,9/4/2019,west
2304,1629,9/5/2019,north
2305,1668,9/5/2019,south
2306,1698,9/5/2019,east
2307,1677,9/5/2019,west
2308,1503,9/6/2019,north
2309,1776,9/6/2019,south
2310,1509,9/6/2019,east
2311,1665,9/6/2019,west
2312,1683,9/7/2019,north
2313,1530,9/7/2019,south
2314,1782,9/7/2019,east
2315,1584,9/7/2019,west
2316,1743,9/8/2019,north
2317,1551,9/8/2019,south
2318,1620,9/8/2019,east
2319,1791,9/8/2019,west
2320,1674,9/9/2019,north
2321,1797,9/9/2019,south
2322,1773,9/9/2019,east
2323,1596,9/9/2019,west
2324,1617,9/10/2019,north
2325,1764,9/10/2019,south
2326,1632,9/10/2019,east
2327,1506,9/10/2019,west
2328,1533,9/11/2019,north
2329,1677,9/11/2019,south
2330,1746,9/11/2019,east
2331,1668,9/11/2019,west
2332,1797,9/12/2019,north
2333,1545,9/12/2019,south
2334,1701,9/12/2019,east
2335,1578,9/12/2019,west
2336,1626,9/13/2019,north
2337,1512,9/13/2019,south
2338,1788,9/13/2019,east
2339,1671,9/13/2019,west
2340,1728,9/14/2019,north
2341,1653,9/14/2019,south
2342,1644,9/14/2019,east
2343,1734,9/14/2019,west
2344,1746,9/15/2019,north
2345,1524,9/15/2019,south
2346,1611,9/15/2019,east
2347,1626,9/15/2019,west
2348,1668,9/16/2019,north
2349,1734,9/16/2019,south
2350,1797,9/16/2019,east
2351,1725,9/16/2019,west
2352,1656,9/17/2019,north
2353,1530,9/17/2019,south
2354,1695,9/17/2019,east
2355,1656,9/17/2019,west
2356,1797,9/18/2019,north
2357,1515,9/18/2019,south
2358,1638,9/18/2019,east
2359,1797,9/18/2019,west
2360,1800,9/19/2019,north
2361,1560,9/19/2019,south
2362,1506,9/19/2019,east
2363,1581,9/19/2019,west
2364,1515,9/20/2019,north
2365,1527,9/20/2019,south
2366,1758,9/20/2019,east
2367,1638,9/20/2019,west
2368,1605,9/21/2019,north
2369,1716,9/21/2019,south
2370,1569,9/21/2019,east
2371,1674,9/21/2019,west
2372,1632,9/22/2019,north
2373,1734,9/22/2019,south
2374,1530,9/22/2019,east
2375,1689,9/22/2019,west
2376,1641,9/23/2019,north
2377,1779,9/23/2019,south
2378,1659,9/23/2019,east
2379,1797,9/23/2019,west
2380,1767,9/24/2019,north
2381,1755,9/24/2019,south
2382,1602,9/24/2019,east
2383,1524,9/24/2019,west
2384,1794,9/25/2019,north
2385,1626,9/25/2019,south
2386,1617,9/25/2019,east
2387,1773,9/25/2019,west
2388,1719,9/26/2019,north
2389,1509,9/26/2019,south
2390,1686,9/26/2019,east
2391,1668,9/26/2019,west
2392,1731,9/27/2019,north
2393,1590,9/27/2019,south
2394,1728,9/27/2019,east
2395,1722,9/27/2019,west
2396,1548,9/28/2019,north
2397,1599,9/28/2019,south
2398,1605,9/28/2019,east
2399,1671,9/28/2019,west
2400,1512,9/29/2019,north
2401,1650,9/29/2019,south
2402,1614,9/29/2019,east
2403,1674,9/29/2019,west
2404,1638,9/30/2019,north
2405,1731,9/30/2019,south
2406,1716,9/30/2019,east
2407,1566,9/30/2019,west
2408,1707,10/1/2019,north
2409,1554,10/1/2019,south
2410,1632,10/1/2019,east
2411,1584,10/1/2019,west
2412,1653,10/2/2019,north
2413,1770,10/2/2019,south
2414,1758,10/2/2019,east
2415,1569,10/2/2019,west
2416,1797,10/3/2019,north
2417,1551,10/3/2019,south
2418,1677,10/3/2019,east
2419,1599,10/3/2019,west
2420,1512,10/4/2019,north
2421,1635,10/4/2019,south
2422,1749,10/4/2019,east
2423,1689,10/4/2019,west
2424,1614,10/5/2019,north
2425,1527,10/5/2019,south
2426,1521,10/5/2019,east
2427,1725,10/5/2019,west
2428,1587,10/6/2019,north
2429,1701,10/6/2019,south
2430,1566,10/6/2019,east
2431,1752,10/6/2019,west
2432,1668,10/7/2019,north
2433,1686,10/7/2019,south
2434,1611,10/7/2019,east
2435,1569,10/7/2019,west
2436,1599,10/8/2019,north
2437,1539,10/8/2019,south
2438,1611,10/8/2019,east
2439,1605,10/8/2019,west
2440,1680,10/9/2019,north
2441,1704,10/9/2019,south
2442,1689,10/9/2019,east
2443,1644,10/9/2019,west
2444,1701,10/10/2019,north
2445,1560,10/10/2019,south
2446,1791,10/10/2019,east
2447,1698,10/10/2019,west
2448,1539,10/11/2019,north
2449,1542,10/11/2019,south
2450,1704,10/11/2019,east
2451,1728,10/11/2019,west
2452,1590,10/12/2019,north
2453,1743,10/12/2019,south
2454,1569,10/12/2019,east
2455,1722,10/12/2019,west
2456,1545,10/13/2019,north
2457,1533,10/13/2019,south
2458,1674,10/13/2019,east
2459,1704,10/13/2019,west
2460,1524,10/14/2019,north
2461,1578,10/14/2019,south
2462,1692,10/14/2019,east
2463,1635,10/14/2019,west
2464,1782,10/15/2019,north
2465,1587,10/15/2019,south
2466,1638,10/15/2019,east
2467,1752,10/15/2019,west
2468,1542,10/16/2019,north
2469,1608,10/16/2019,south
2470,1683,10/16/2019,east
2471,1596,10/16/2019,west
2472,1527,10/17/2019,north
2473,1737,10/17/2019,south
2474,1671,10/17/2019,east
2475,1662,10/17/2019,west
2476,1518,10/18/2019,north
2477,1746,10/18/2019,south
2478,1590,10/18/2019,east
2479,1710,10/18/2019,west
2480,1647,10/19/2019,north
2481,1737,10/19/2019,south
2482,1761,10/19/2019,east
2483,1587,10/19/2019,west
2484,1701,10/20/2019,north
2485,1524,10/20/2019,south
2486,1677,10/20/2019,east
2487,1725,10/20/2019,west
2488,1653,10/21/2019,north
2489,1686,10/21/2019,south
2490,1698,10/21/2019,east
2491,1560,10/21/2019,west
2492,1515,10/22/2019,north
2493,1734,10/22/2019,south
2494,1551,10/22/2019,east
2495,1713,10/22/2019,west
2496,1758,10/23/2019,north
2497,1644,10/23/2019,south
2498,1758,10/23/2019,east
2499,1641,10/23/2019,west
2500,1617,10/24/2019,north
2501,1611,10/24/2019,south
2502,1788,10/24/2019,east
2503,1602,10/24/2019,west
2504,1638,10/25/2019,north
2505,1620,10/25/2019,south
2506,1665,10/25/2019,east
2507,1500,10/25/2019,west
2508,1671,10/26/2019,north
2509,1566,10/26/2019,south
2510,1740,10/26/2019,east
2511,1599,10/26/2019,west
2512,1710,10/27/2019,north
2513,1668,10/27/2019,south
2514,1740,10/27/2019,east
2515,1698,10/27/2019,west
2516,1503,10/28/2019,north
2517,1689,10/28/2019,south
2518,1626,10/28/2019,east
2519,1674,10/28/2019,west
2520,1542,10/29/2019,north
2521,1692,10/29/2019,south
2522,1719,10/29/2019,east
2523,1512,10/29/2019,west
2524,1731,10/30/2019,north
2525,1644,10/30/2019,south
2526,1746,10/30/2019,east
2527,1689,10/30/2019,west
2528,1800,10/31/2019,north
2529,1527,10/31/2019,south
2530,1533,10/31/2019,east
2531,1800,10/31/2019,west
2532,1644,11/1/2019,north
2533,1500,11/1/2019,south
2534,1800,11/1/2019,east
2535,1767,11/1/2019,west
2536,1791,11/2/2019,north
2537,1776,11/2/2019,south
2538,1596,11/2/2019,east
2539,1734,11/2/2019,west
2540,1542,11/3/2019,north
2541,1608,11/3/2019,south
2542,1617,11/3/2019,east
2543,1623,11/3/2019,west
2544,1674,11/4/2019,north
2545,1782,11/4/2019,south
2546,1680,11/4/2019,east
2547,1512,11/4/2019,west
2548,1500,11/5/2019,north
2549,1668,11/5/2019,south
2550,1758,11/5/2019,east
2551,1533,11/5/2019,west
2552,1785,11/6/2019,north
2553,1533,11/6/2019,south
2554,1659,11/6/2019,east
2555,1506,11/6/2019,west
2556,1656,11/7/2019,north
2557,1728,11/7/2019,south
2558,1728,11/7/2019,east
2559,1713,11/7/2019,west
2560,1797,11/8/2019,north
2561,1686,11/8/2019,south
2562,1584,11/8/2019,east
2563,1713,11/8/2019,west
2564,1665,11/9/2019,north
2565,1557,11/9/2019,south
2566,1656,11/9/2019,east
2567,1767,11/9/2019,west
2568,1515,11/10/2019,north
2569,1761,11/10/2019,south
2570,1767,11/10/2019,east
2571,1641,11/10/2019,west
2572,1584,11/11/2019,north
2573,1545,11/11/2019,south
2574,1695,11/11/2019,east
2575,1761,11/11/2019,west
2576,1701,11/12/2019,north
2577,1767,11/12/2019,south
2578,1632,11/12/2019,east
2579,1704,11/12/2019,west
2580,1599,11/13/2019,north
2581,1509,11/13/2019,south
2582,1728,11/13/2019,east
2583,1683,11/13/2019,west
2584,1740,11/14/2019,north
2585,1626,11/14/2019,south
2586,1572,11/14/2019,east
2587,1716,11/14/2019,west
2588,1641,11/15/2019,north
2589,1560,11/15/2019,south
2590,1614,11/15/2019,east
2591,1605,11/15/2019,west
2592,1503,11/16/2019,north
2593,1638,11/16/2019,south
2594,1662,11/16/2019,east
2595,1653,11/16/2019,west
2596,1734,11/17/2019,north
2597,1599,11/17/2019,south
2598,1515,11/17/2019,east
2599,1608,11/17/2019,west
2600,1566,11/18/2019,north
2601,1734,11/18/2019,south
2602,1719,11/18/2019,east
2603,1773,11/18/2019,west
2604,1791,11/19/2019,north
2605,1779,11/19/2019,south
2606,1641,11/19/2019,east
2607,1617,11/19/2019,west
2608,1533,11/20/2019,north
2609,1527,11/20/2019,south
2610,1512,11/20/2019,east
2611,1515,11/20/2019,west
2612,1734,11/21/2019,north
2613,1668,11/21/2019,south
2614,1665,11/21/2019,east
2615,1644,11/21/2019,west
2616,1767,11/22/2019,north
2617,1647,11/22/2019,south
2618,1665,11/22/2019,east
2619,1776,11/22/2019,west
2620,1665,11/23/2019,north
2621,1632,11/23/2019,south
2622,1521,11/23/2019,east
2623,1659,11/23/2019,west
2624,1623,11/24/2019,north
2625,1698,11/24/2019,south
2626,1596,11/24/2019,east
2627,1674,11/24/2019,west
2628,1749,11/25/2019,north
2629,1536,11/25/2019,south
2630,1734,11/25/2019,east
2631,1716,11/25/2019,west
2632,1599,11/26/2019,north
2633,1500,11/26/2019,south
2634,1518,11/26/2019,east
2635,1584,11/26/2019,west
2636,1551,11/27/2019,north
2637,1701,11/27/2019,south
2638,1689,11/27/2019,east
2639,1746,11/27/2019,west
2640,1725,11/28/2019,north
2641,1776,11/28/2019,south
2642,1707,11/28/2019,east
2643,1794,11/28/2019,west
2644,1641,11/29/2019,north
2645,1653,11/29/2019,south
2646,1716,11/29/2019,east
2647,1776,11/29/2019,west
2648,1797,11/30/2019,north
2649,1782,11/30/2019,south
2650,1653,11/30/2019,east
2651,1596,11/30/2019,west
2652,1704,12/1/2019,north
2653,1626,12/1/2019,south
2654,1617,12/1/2019,east
2655,1680,12/1/2019,west
2656,1608,12/2/2019,north
2657,1713,12/2/2019,south
2658,1632,12/2/2019,east
2659,1680,12/2/2019,west
2660,1791,12/3/2019,north
2661,1761,12/3/2019,south
2662,1749,12/3/2019,east
2663,1626,12/3/2019,west
2664,1773,12/4/2019,north
2665,1623,12/4/2019,south
2666,1662,12/4/2019,east
2667,1731,12/4/2019,west
2668,1755,12/5/2019,north
2669,1602,12/5/2019,south
2670,1740,12/5/2019,east
2671,1605,12/5/2019,west
2672,1680,12/6/2019,north
2673,1572,12/6/2019,south
2674,1542,12/6/2019,east
2675,1779,12/6/2019,west
2676,1671,12/7/2019,north
2677,1722,12/7/2019,south
2678,1728,12/7/2019,east
2679,1659,12/7/2019,west
2680,1770,12/8/2019,north
2681,1632,12/8/2019,south
2682,1536,12/8/2019,east
2683,1734,12/8/2019,west
2684,1584,12/9/2019,north
2685,1713,12/9/2019,south
2686,1728,12/9/2019,east
2687,1725,12/9/2019,west
2688,1506,12/10/2019,north
2689,1503,12/10/2019,south
2690,1521,12/10/2019,east
2691,1713,12/10/2019,west
2692,1635,12/11/2019,north
2693,1506,12/11/2019,south
2694,1542,12/11/2019,east
2695,1551,12/11/2019,west
2696,1623,12/12/2019,north
2697,1719,12/12/2019,south
2698,1563,12/12/2019,east
2699,1791,12/12/2019,west
2700,1800,12/13/2019,north
2701,1800,12/13/2019,south
2702,1740,12/13/2019,east
2703,1755,12/13/2019,west
2704,1716,12/14/2019,north
2705,1632,12/14/2019,south
2706,1599,12/14/2019,east
2707,1632,12/14/2019,west
2708,1725,12/15/2019,north
2709,1743,12/15/2019,south
2710,1587,12/15/2019,east
2711,1608,12/15/2019,west
2712,1662,12/16/2019,north
2713,1791,12/16/2019,south
2714,1773,12/16/2019,east
2715,1650,12/16/2019,west
2716,1518,12/17/2019,north
2717,1749,12/17/2019,south
2718,1689,12/17/2019,east
2719,1533,12/17/2019,west
2720,1533,12/18/2019,north
2721,1641,12/18/2019,south
2722,1590,12/18/2019,east
2723,1740,12/18/2019,west
2724,1665,12/19/2019,north
2725,1773,12/19/2019,south
2726,1503,12/19/2019,east
2727,1542,12/19/2019,west
2728,1788,12/20/2019,north
2729,1773,12/20/2019,south
2730,1788,12/20/2019,east
2731,1785,12/20/2019,west
2732,1605,12/21/2019,north
2733,1701,12/21/2019,south
2734,1626,12/21/2019,east
2735,1623,12/21/2019,west
2736,1671,12/22/2019,north
2737,1629,12/22/2019,south
2738,1725,12/22/2019,east
2739,1557,12/22/2019,west
2740,1671,12/23/2019,north
2741,1662,12/23/2019,south
2742,1674,12/23/2019,east
2743,1671,12/23/2019,west
2744,1620,12/24/2019,north
2745,1716,12/24/2019,south
2746,1674,12/24/2019,east
2747,1686,12/24/2019,west
2748,1752,12/25/2019,north
2749,1725,12/25/2019,south
2750,1545,12/25/2019,east
2751,1506,12/25/2019,west
2752,1539,12/26/2019,north
2753,1716,12/26/2019,south
2754,1500,12/26/2019,east
2755,1794,12/26/2019,west
2756,1716,12/27/2019,north
2757,1665,12/27/2019,south
2758,1557,12/27/2019,east
2759,1620,12/27/2019,west
2760,1779,12/28/2019,north
2761,1779,12/28/2019,south
2762,1752,12/28/2019,east
2763,1773,12/28/2019,west
2764,1800,12/29/2019,north
2765,1773,12/29/2019,south
2766,1767,12/29/2019,east
2767,1683,12/29/2019,west
2768,1542,12/30/2019,north
2769,1728,12/30/2019,south
2770,1569,12/30/2019,east
2771,1659,12/30/2019,west
2772,1581,12/31/2019,north
2773,1713,12/31/2019,south
2774,1533,12/31/2019,east
2775,1692,12/31/2019,west
2776,1506,1/1/2020,north
2777,1659,1/1/2020,south
2778,1719,1/1/2020,east
2779,1704,1/1/2020,west
2780,1767,1/2/2020,north
2781,1542,1/2/2020,south
2782,1542,1/2/2020,east
2783,1629,1/2/2020,west
2784,1659,1/3/2020,north
2785,1539,1/3/2020,south
2786,1734,1/3/2020,east
2787,1761,1/3/2020,west
2788,1560,1/4/2020,north
2789,1767,1/4/2020,south
2790,1791,1/4/2020,east
2791,1632,1/4/2020,west
2792,1716,1/5/2020,north
2793,1536,1/5/2020,south
2794,1662,1/5/2020,east
2795,1680,1/5/2020,west
2796,1689,1/6/2020,north
2797,1779,1/6/2020,south
2798,1512,1/6/2020,east
2799,1578,1/6/2020,west
2800,1560,1/7/2020,north
2801,1581,1/7/2020,south
2802,1677,1/7/2020,east
2803,1599,1/7/2020,west
2804,1713,1/8/2020,north
2805,1800,1/8/2020,south
2806,1767,1/8/2020,east
2807,1752,1/8/2020,west
2808,1509,1/9/2020,north
2809,1539,1/9/2020,south
2810,1671,1/9/2020,east
2811,1668,1/9/2020,west
2812,1692,1/10/2020,north
2813,1584,1/10/2020,south
2814,1710,1/10/2020,east
2815,1686,1/10/2020,west
2816,1617,1/11/2020,north
2817,1665,1/11/2020,south
2818,1722,1/11/2020,east
2819,1551,1/11/2020,west
2820,1620,1/12/2020,north
2821,1791,1/12/2020,south
2822,1662,1/12/2020,east
2823,1656,1/12/2020,west
2824,1644,1/13/2020,north
2825,1659,1/13/2020,south
2826,1740,1/13/2020,east
2827,1668,1/13/2020,west
2828,1566,1/14/2020,north
2829,1575,1/14/2020,south
2830,1566,1/14/2020,east
2831,1578,1/14/2020,west
2832,1737,1/15/2020,north
2833,1596,1/15/2020,south
2834,1776,1/15/2020,east
2835,1638,1/15/2020,west
2836,1749,1/16/2020,north
2837,1752,1/16/2020,south
2838,1635,1/16/2020,east
2839,1581,1/16/2020,west
2840,1521,1/17/2020,north
2841,1536,1/17/2020,south
2842,1665,1/17/2020,east
2843,1782,1/17/2020,west
2844,1650,1/18/2020,north
2845,1749,1/18/2020,south
2846,1797,1/18/2020,east
2847,1650,1/18/2020,west
2848,1608,1/19/2020,north
2849,1608,1/19/2020,south
2850,1575,1/19/2020,east
2851,1590,1/19/2020,west
2852,1665,1/20/2020,north
2853,1596,1/20/2020,south
2854,1581,1/20/2020,east
2855,1695,1/20/2020,west
2856,1647,1/21/2020,north
2857,1776,1/21/2020,south
2858,1719,1/21/2020,east
2859,1578,1/21/2020,west
2860,1503,1/22/2020,north
2861,1569,1/22/2020,south
2862,1731,1/22/2020,east
2863,1551,1/22/2020,west
2864,1626,1/23/2020,north
2865,1518,1/23/2020,south
2866,1575,1/23/2020,east
2867,1611,1/23/2020,west
2868,1629,1/24/2020,north
2869,1704,1/24/2020,south
2870,1656,1/24/2020,east
2871,1554,1/24/2020,west
2872,1575,1/25/2020,north
2873,1638,1/25/2020,south
2874,1635,1/25/2020,east
2875,1548,1/25/2020,west
2876,1710,1/26/2020,north
2877,1584,1/26/2020,south
2878,1716,1/26/2020,east
2879,1602,1/26/2020,west
2880,1569,1/27/2020,north
2881,1506,1/27/2020,south
2882,1671,1/27/2020,east
2883,1584,1/27/2020,west
2884,1689,1/28/2020,north
2885,1773,1/28/2020,south
2886,1647,1/28/2020,east
2887,1503,1/28/2020,west
2888,1593,1/29/2020,north
2889,1506,1/29/2020,south
2890,1740,1/29/2020,east
2891,1572,1/29/2020,west
2892,1620,1/30/2020,north
2893,1542,1/30/2020,south
2894,1593,1/30/2020,east
2895,1500,1/30/2020,west
2896,1635,1/31/2020,north
2897,1656,1/31/2020,south
2898,1779,1/31/2020,east
2899,1605,1/31/2020,west
2900,1602,2/1/2020,north
2901,1794,2/1/2020,south
2902,1677,2/1/2020,east
2903,1521,2/1/2020,west
2904,1707,2/2/2020,north
2905,1665,2/2/2020,south
2906,1713,2/2/2020,east
2907,1659,2/2/2020,west
2908,1548,2/3/2020,north
2909,1647,2/3/2020,south
2910,1764,2/3/2020,east
2911,1662,2/3/2020,west
2912,1563,2/4/2020,north
2913,1755,2/4/2020,south
2914,1659,2/4/2020,east
2915,1575,2/4/2020,west
2916,1716,2/5/2020,north
2917,1506,2/5/2020,south
2918,1734,2/5/2020,east
2919,1704,2/5/2020,west
2920,1512,2/6/2020,north
2921,1572,2/6/2020,south
2922,1782,2/6/2020,east
2923,1554,2/6/2020,west
2924,1782,2/7/2020,north
2925,1701,2/7/2020,south
2926,1698,2/7/2020,east
2927,1671,2/7/2020,west
2928,1584,2/8/2020,north
2929,1602,2/8/2020,south
2930,1755,2/8/2020,east
2931,1614,2/8/2020,west
2932,1743,2/9/2020,north
2933,1788,2/9/2020,south
2934,1644,2/9/2020,east
2935,1728,2/9/2020,west
2936,1599,2/10/2020,north
2937,1689,2/10/2020,south
2938,1776,2/10/2020,east
2939,1569,2/10/2020,west
2940,1791,2/11/2020,north
2941,1638,2/11/2020,south
2942,1716,2/11/2020,east
2943,1788,2/11/2020,west
2944,1758,2/12/2020,north
2945,1752,2/12/2020,south
2946,1599,2/12/2020,east
2947,1533,2/12/2020,west
2948,1548,2/13/2020,north
2949,1800,2/13/2020,south
2950,1659,2/13/2020,east
2951,1617,2/13/2020,west
2952,1746,2/14/2020,north
2953,1644,2/14/2020,south
2954,1698,2/14/2020,east
2955,1533,2/14/2020,west
2956,1704,2/15/2020,north
2957,1524,2/15/2020,south
2958,1545,2/15/2020,east
2959,1731,2/15/2020,west
2960,1665,2/16/2020,north
2961,1791,2/16/2020,south
2962,1605,2/16/2020,east
2963,1743,2/16/2020,west
2964,1677,2/17/2020,north
2965,1590,2/17/2020,south
2966,1722,2/17/2020,east
2967,1743,2/17/2020,west
2968,1668,2/18/2020,north
2969,1620,2/18/2020,south
2970,1704,2/18/2020,east
2971,1683,2/18/2020,west
2972,1551,2/19/2020,north
2973,1650,2/19/2020,south
2974,1689,2/19/2020,east
2975,1638,2/19/2020,west
2976,1518,2/20/2020,north
2977,1593,2/20/2020,south
2978,1632,2/20/2020,east
2979,1602,2/20/2020,west
2980,1761,2/21/2020,north
2981,1755,2/21/2020,south
2982,1581,2/21/2020,east
2983,1794,2/21/2020,west
2984,1545,2/22/2020,north
2985,1689,2/22/2020,south
2986,1632,2/22/2020,east
2987,1668,2/22/2020,west
2988,1638,2/23/2020,north
2989,1602,2/23/2020,south
2990,1686,2/23/2020,east
2991,1776,2/23/2020,west
2992,1593,2/24/2020,north
2993,1734,2/24/2020,south
2994,1608,2/24/2020,east
2995,1617,2/24/2020,west
2996,1656,2/25/2020,north
2997,1722,2/25/2020,south
2998,1566,2/25/2020,east
2999,1548,2/25/2020,west
3000,1545,2/26/2020,north
3001,1521,2/26/2020,south
3002,1728,2/26/2020,east
3003,1668,2/26/2020,west
3004,1698,2/27/2020,north
3005,1599,2/27/2020,south
3006,1581,2/27/2020,east
3007,1527,2/27/2020,west
3008,1509,2/28/2020,north
3009,1686,2/28/2020,south
3010,1590,2/28/2020,east
3011,1689,2/28/2020,west
3012,1671,2/29/2020,north
3013,1728,2/29/2020,south
3014,1524,2/29/2020,east
3015,1656,2/29/2020,west
3016,1593,3/1/2020,north
3017,1626,3/1/2020,south
3018,1626,3/1/2020,east
3019,1692,3/1/2020,west
3020,1509,3/2/2020,north
3021,1788,3/2/2020,south
3022,1572,3/2/2020,east
3023,1569,3/2/2020,west
3024,1632,3/3/2020,north
3025,1548,3/3/2020,south
3026,1623,3/3/2020,east
3027,1506,3/3/2020,west
3028,1773,3/4/2020,north
3029,1677,3/4/2020,south
3030,1638,3/4/2020,east
3031,1569,3/4/2020,west
3032,1794,3/5/2020,north
3033,1764,3/5/2020,south
3034,1530,3/5/2020,east
3035,1770,3/5/2020,west
3036,1623,3/6/2020,north
3037,1734,3/6/2020,south
3038,1698,3/6/2020,east
3039,1503,3/6/2020,west
3040,1641,3/7/2020,north
3041,1581,3/7/2020,south
3042,1797,3/7/2020,east
3043,1674,3/7/2020,west
3044,1701,3/8/2020,north
3045,1590,3/8/2020,south
3046,1599,3/8/2020,east
3047,1791,3/8/2020,west
3048,1719,3/9/2020,north
3049,1776,3/9/2020,south
3050,1542,3/9/2020,east
3051,1740,3/9/2020,west
3052,1644,3/10/2020,north
3053,1653,3/10/2020,south
3054,1797,3/10/2020,east
3055,1740,3/10/2020,west
3056,1605,3/11/2020,north
3057,1584,3/11/2020,south
3058,1662,3/11/2020,east
3059,1572,3/11/2020,west
3060,1635,3/12/2020,north
3061,1548,3/12/2020,south
3062,1680,3/12/2020,east
3063,1767,3/12/2020,west
3064,1554,3/13/2020,north
3065,1686,3/13/2020,south
3066,1749,3/13/2020,east
3067,1554,3/13/2020,west
3068,1662,3/14/2020,north
3069,1557,3/14/2020,south
3070,1755,3/14/2020,east
3071,1758,3/14/2020,west
3072,1500,3/15/2020,north
3073,1665,3/15/2020,south
3074,1761,3/15/2020,east
3075,1626,3/15/2020,west
3076,1650,3/16/2020,north
3077,1722,3/16/2020,south
3078,1641,3/16/2020,east
3079,1611,3/16/2020,west
3080,1701,3/17/2020,north
3081,1701,3/17/2020,south
3082,1794,3/17/2020,east
3083,1509,3/17/2020,west
3084,1566,3/18/2020,north
3085,1716,3/18/2020,south
3086,1701,3/18/2020,east
3087,1605,3/18/2020,west
3088,1581,3/19/2020,north
3089,1797,3/19/2020,south
3090,1725,3/19/2020,east
3091,1554,3/19/2020,west
3092,1665,3/20/2020,north
3093,1641,3/20/2020,south
3094,1677,3/20/2020,east
3095,1707,3/20/2020,west
3096,1575,3/21/2020,north
3097,1674,3/21/2020,south
3098,1707,3/21/2020,east
3099,1710,3/21/2020,west
3100,1644,3/22/2020,north
3101,1668,3/22/2020,south
3102,1674,3/22/2020,east
3103,1737,3/22/2020,west
3104,1767,3/23/2020,north
3105,1620,3/23/2020,south
3106,1593,3/23/2020,east
3107,1542,3/23/2020,west
3108,1548,3/24/2020,north
3109,1662,3/24/2020,south
3110,1740,3/24/2020,east
3111,1572,3/24/2020,west
3112,1779,3/25/2020,north
3113,1770,3/25/2020,south
3114,1623,3/25/2020,east
3115,1575,3/25/2020,west
3116,1785,3/26/2020,north
3117,1671,3/26/2020,south
3118,1749,3/26/2020,east
3119,1791,3/26/2020,west
3120,1713,3/27/2020,north
3121,1623,3/27/2020,south
3122,1605,3/27/2020,east
3123,1566,3/27/2020,west
3124,1569,3/28/2020,north
3125,1605,3/28/2020,south
3126,1728,3/28/2020,east
3127,1665,3/28/2020,west
3128,1782,3/29/2020,north
3129,1800,3/29/2020,south
3130,1518,3/29/2020,east
3131,1800,3/29/2020,west
3132,1515,3/30/2020,north
3133,1764,3/30/2020,south
3134,1632,3/30/2020,east
3135,1608,3/30/2020,west
3136,1794,3/31/2020,north
3137,1635,3/31/2020,south
3138,1572,3/31/2020,east
3139,1629,3/31/2020,west
3140,1557,4/1/2020,north
3141,1536,4/1/2020,south
3142,1587,4/1/2020,east
3143,1728,4/1/2020,west
3144,1779,4/2/2020,north
3145,1773,4/2/2020,south
3146,1794,4/2/2020,east
3147,1503,4/2/2020,west
3148,1767,4/3/2020,north
3149,1743,4/3/2020,south
3150,1560,4/3/2020,east
3151,1746,4/3/2020,west
3152,1731,4/4/2020,north
3153,1692,4/4/2020,south
3154,1722,4/4/2020,east
3155,1563,4/4/2020,west
3156,1797,4/5/2020,north
3157,1755,4/5/2020,south
3158,1611,4/5/2020,east
3159,1635,4/5/2020,west
3160,1752,4/6/2020,north
3161,1749,4/6/2020,south
3162,1782,4/6/2020,east
3163,1521,4/6/2020,west
3164,1752,4/7/2020,north
3165,1686,4/7/2020,south
3166,1500,4/7/2020,east
3167,1785,4/7/2020,west
3168,1611,4/8/2020,north
3169,1794,4/8/2020,south
3170,1734,4/8/2020,east
3171,1659,4/8/2020,west
3172,1650,4/9/2020,north
3173,1587,4/9/2020,south
3174,1629,4/9/2020,east
3175,1506,4/9/2020,west
3176,1794,4/10/2020,north
3177,1551,4/10/2020,south
3178,1503,4/10/2020,east
3179,1776,4/10/2020,west
3180,1659,4/11/2020,north
3181,1590,4/11/2020,south
3182,1515,4/11/2020,east
3183,1506,4/11/2020,west
3184,1722,4/12/2020,north
3185,1512,4/12/2020,south
3186,1773,4/12/2020,east
3187,1635,4/12/2020,west
3188,1548,4/13/2020,north
3189,1692,4/13/2020,south
3190,1698,4/13/2020,east
3191,1755,4/13/2020,west
3192,1521,4/14/2020,north
3193,1593,4/14/2020,south
3194,1644,4/14/2020,east
3195,1587,4/14/2020,west
3196,1800,4/15/2020,north
3197,1788,4/15/2020,south
3198,1764,4/15/2020,east
3199,1650,4/15/2020,west
3200,1704,4/16/2020,north
3201,1659,4/16/2020,south
3202,1644,4/16/2020,east
3203,1500,4/16/2020,west
3204,1734,4/17/2020,north
3205,1617,4/17/2020,south
3206,1584,4/17/2020,east
3207,1569,4/17/2020,west
3208,1623,4/18/2020,north
3209,1500,4/18/2020,south
3210,1578,4/18/2020,east
3211,1590,4/18/2020,west
3212,1761,4/19/2020,north
3213,1728,4/19/2020,south
3214,1716,4/19/2020,east
3215,1704,4/19/2020,west
3216,1665,4/20/2020,north
3217,1515,4/20/2020,south
3218,1725,4/20/2020,east
3219,1695,4/20/2020,west
3220,1755,4/21/2020,north
3221,1521,4/21/2020,south
3222,1629,4/21/2020,east
3223,1686,4/21/2020,west
3224,1614,4/22/2020,north
3225,1614,4/22/2020,south
3226,1569,4/22/2020,east
3227,1527,4/22/2020,west
3228,1764,4/23/2020,north
3229,1524,4/23/2020,south
3230,1611,4/23/2020,east
3231,1785,4/23/2020,west
3232,1716,4/24/2020,north
3233,1692,4/24/2020,south
3234,1506,4/24/2020,east
3235,1533,4/24/2020,west
3236,1638,4/25/2020,north
3237,1638,4/25/2020,south
3238,1755,4/25/2020,east
3239,1545,4/25/2020,west
3240,1512,4/26/2020,north
3241,1593,4/26/2020,south
3242,1674,4/26/2020,east
3243,1719,4/26/2020,west
3244,1530,4/27/2020,north
3245,1593,4/27/2020,south
3246,1641,4/27/2020,east
3247,1575,4/27/2020,west
3248,1788,4/28/2020,north
3249,1749,4/28/2020,south
3250,1581,4/28/2020,east
3251,1524,4/28/2020,west
3252,1680,4/29/2020,north
3253,1674,4/29/2020,south
3254,1773,4/29/2020,east
3255,1674,4/29/2020,west
3256,1779,4/30/2020,north
3257,1569,4/30/2020,south
3258,1590,4/30/2020,east
3259,1689,4/30/2020,west
3260,1755,5/1/2020,north
3261,1752,5/1/2020,south
3262,1641,5/1/2020,east
3263,1605,5/1/2020,west
3264,1587,5/2/2020,north
3265,1521,5/2/2020,south
3266,1605,5/2/2020,east
3267,1557,5/2/2020,west
3268,1680,5/3/2020,north
3269,1566,5/3/2020,south
3270,1719,5/3/2020,east
3271,1563,5/3/2020,west
3272,1569,5/4/2020,north
3273,1608,5/4/2020,south
3274,1578,5/4/2020,east
3275,1641,5/4/2020,west
3276,1587,5/5/2020,north
3277,1674,5/5/2020,south
3278,1500,5/5/2020,east
3279,1686,5/5/2020,west
3280,1521,5/6/2020,north
3281,1683,5/6/2020,south
3282,1767,5/6/2020,east
3283,1776,5/6/2020,west
3284,1557,5/7/2020,north
3285,1623,5/7/2020,south
3286,1557,5/7/2020,east
3287,1746,5/7/2020,west
3288,1680,5/8/2020,north
3289,1587,5/8/2020,south
3290,1695,5/8/2020,east
3291,1629,5/8/2020,west
3292,1674,5/9/2020,north
3293,1620,5/9/2020,south
3294,1560,5/9/2020,east
3295,1590,5/9/2020,west
3296,1623,5/10/2020,north
3297,1689,5/10/2020,south
3298,1656,5/10/2020,east
3299,1695,5/10/2020,west
3300,1674,5/11/2020,north
3301,1554,5/11/2020,south
3302,1680,5/11/2020,east
3303,1575,5/11/2020,west
3304,1500,5/12/2020,north
3305,1791,5/12/2020,south
3306,1614,5/12/2020,east
3307,1695,5/12/2020,west
3308,1767,5/13/2020,north
3309,1725,5/13/2020,south
3310,1701,5/13/2020,east
3311,1629,5/13/2020,west
3312,1656,5/14/2020,north
3313,1713,5/14/2020,south
3314,1737,5/14/2020,east
3315,1671,5/14/2020,west
3316,1533,5/15/2020,north
3317,1644,5/15/2020,south
3318,1560,5/15/2020,east
3319,1740,5/15/2020,west
3320,1767,5/16/2020,north
3321,1791,5/16/2020,south
3322,1509,5/16/2020,east
3323,1614,5/16/2020,west
3324,1566,5/17/2020,north
3325,1758,5/17/2020,south
3326,1668,5/17/2020,east
3327,1707,5/17/2020,west
3328,1638,5/18/2020,north
3329,1596,5/18/2020,south
3330,1767,5/18/2020,east
3331,1683,5/18/2020,west
3332,1641,5/19/2020,north
3333,1713,5/19/2020,south
3334,1515,5/19/2020,east
3335,1602,5/19/2020,west
3336,1575,5/20/2020,north
3337,1791,5/20/2020,south
3338,1545,5/20/2020,east
3339,1686,5/20/2020,west
3340,1587,5/21/2020,north
3341,1791,5/21/2020,south
3342,1653,5/21/2020,east
3343,1671,5/21/2020,west
3344,1542,5/22/2020,north
3345,1686,5/22/2020,south
3346,1569,5/22/2020,east
3347,1518,5/22/2020,west
3348,1620,5/23/2020,north
3349,1536,5/23/2020,south
3350,1713,5/23/2020,east
3351,1788,5/23/2020,west
3352,1773,5/24/2020,north
3353,1785,5/24/2020,south
3354,1509,5/24/2020,east
3355,1713,5/24/2020,west
3356,1536,5/25/2020,north
3357,1704,5/25/2020,south
3358,1563,5/25/2020,east
3359,1539,5/25/2020,west
3360,1545,5/26/2020,north
3361,1530,5/26/2020,south
3362,1758,5/26/2020,east
3363,1656,5/26/2020,west
3364,1563,5/27/2020,north
3365,1758,5/27/2020,south
3366,1656,5/27/2020,east
3367,1707,5/27/2020,west
3368,1581,5/28/2020,north
3369,1569,5/28/2020,south
3370,1533,5/28/2020,east
3371,1566,5/28/2020,west
3372,1722,5/29/2020,north
3373,1602,5/29/2020,south
3374,1698,5/29/2020,east
3375,1566,5/29/2020,west
3376,1599,5/30/2020,north
3377,1788,5/30/2020,south
3378,1743,5/30/2020,east
3379,1647,5/30/2020,west
3380,1566,5/31/2020,north
3381,1608,5/31/2020,south
3382,1791,5/31/2020,east
3383,1764,5/31/2020,west
3384,1752,6/1/2020,north
3385,1608,6/1/2020,south
3386,1554,6/1/2020,east
3387,1710,6/1/2020,west
3388,1677,6/2/2020,north
3389,1794,6/2/2020,south
3390,1800,6/2/2020,east
3391,1767,6/2/2020,west
3392,1782,6/3/2020,north
3393,1584,6/3/2020,south
3394,1545,6/3/2020,east
3395,1617,6/3/2020,west
3396,1644,6/4/2020,north
3397,1527,6/4/2020,south
3398,1707,6/4/2020,east
3399,1773,6/4/2020,west
3400,1587,6/5/2020,north
3401,1632,6/5/2020,south
3402,1569,6/5/2020,east
3403,1566,6/5/2020,west
3404,1683,6/6/2020,north
3405,1689,6/6/2020,south
3406,1704,6/6/2020,east
3407,1749,6/6/2020,west
3408,1620,6/7/2020,north
3409,1650,6/7/2020,south
3410,1743,6/7/2020,east
3411,1674,6/7/2020,west
3412,1527,6/8/2020,north
3413,1638,6/8/2020,south
3414,1584,6/8/2020,east
3415,1695,6/8/2020,west
3416,1503,6/9/2020,north
3417,1569,6/9/2020,south
3418,1572,6/9/2020,east
3419,1593,6/9/2020,west
3420,1761,6/10/2020,north
3421,1512,6/10/2020,south
3422,1617,6/10/2020,east
3423,1593,6/10/2020,west
3424,1590,6/11/2020,north
3425,1611,6/11/2020,south
3426,1719,6/11/2020,east
3427,1719,6/11/2020,west
3428,1512,6/12/2020,north
3429,1776,6/12/2020,south
3430,1575,6/12/2020,east
3431,1746,6/12/2020,west
3432,1581,6/13/2020,north
3433,1689,6/13/2020,south
3434,1776,6/13/2020,east
3435,1560,6/13/2020,west
3436,1734,6/14/2020,north
3437,1788,6/14/2020,south
3438,1743,6/14/2020,east
3439,1719,6/14/2020,west
3440,1542,6/15/2020,north
3441,1758,6/15/2020,south
3442,1674,6/15/2020,east
3443,1584,6/15/2020,west
3444,1668,6/16/2020,north
3445,1620,6/16/2020,south
3446,1695,6/16/2020,east
3447,1638,6/16/2020,west
3448,1554,6/17/2020,north
3449,1659,6/17/2020,south
3450,1734,6/17/2020,east
3451,1527,6/17/2020,west
3452,1611,6/18/2020,north
3453,1734,6/18/2020,south
3454,1743,6/18/2020,east
3455,1557,6/18/2020,west
3456,1800,6/19/2020,north
3457,1536,6/19/2020,south
3458,1578,6/19/2020,east
3459,1515,6/19/2020,west
3460,1647,6/20/2020,north
3461,1641,6/20/2020,south
3462,1614,6/20/2020,east
3463,1518,6/20/2020,west
3464,1755,6/21/2020,north
3465,1620,6/21/2020,south
3466,1725,6/21/2020,east
3467,1668,6/21/2020,west
3468,1761,6/22/2020,north
3469,1542,6/22/2020,south
3470,1539,6/22/2020,east
3471,1524,6/22/2020,west
3472,1767,6/23/2020,north
3473,1581,6/23/2020,south
3474,1770,6/23/2020,east
3475,1758,6/23/2020,west
3476,1617,6/24/2020,north
3477,1518,6/24/2020,south
3478,1791,6/24/2020,east
3479,1695,6/24/2020,west
3480,1503,6/25/2020,north
3481,1794,6/25/2020,south
3482,1638,6/25/2020,east
3483,1536,6/25/2020,west
3484,1707,6/26/2020,north
3485,1578,6/26/2020,south
3486,1719,6/26/2020,east
3487,1728,6/26/2020,west
3488,1644,6/27/2020,north
3489,1527,6/27/2020,south
3490,1578,6/27/2020,east
3491,1623,6/27/2020,west
3492,1608,6/28/2020,north
3493,1779,6/28/2020,south
3494,1689,6/28/2020,east
3495,1629,6/28/2020,west
3496,1722,6/29/2020,north
3497,1662,6/29/2020,south
3498,1662,6/29/2020,east
3499,1503,6/29/2020,west
3500,1794,6/30/2020,north
3501,1572,6/30/2020,south
3502,1668,6/30/2020,east
3503,1647,6/30/2020,west
3504,1632,7/1/2020,north
3505,1578,7/1/2020,south
3506,1650,7/1/2020,east
3507,1797,7/1/2020,west
3508,1734,7/2/2020,north
3509,1734,7/2/2020,south
3510,1581,7/2/2020,east
3511,1665,7/2/2020,west
3512,1695,7/3/2020,north
3513,1701,7/3/2020,south
3514,1584,7/3/2020,east
3515,1518,7/3/2020,west
3516,1737,7/4/2020,north
3517,1656,7/4/2020,south
3518,1695,7/4/2020,east
3519,1563,7/4/2020,west
3520,1788,7/5/2020,north
3521,1746,7/5/2020,south
3522,1647,7/5/2020,east
3523,1527,7/5/2020,west
3524,1548,7/6/2020,north
3525,1572,7/6/2020,south
3526,1569,7/6/2020,east
3527,1527,7/6/2020,west
3528,1500,7/7/2020,north
3529,1791,7/7/2020,south
3530,1656,7/7/2020,east
3531,1743,7/7/2020,west
3532,1563,7/8/2020,north
3533,1722,7/8/2020,south
3534,1758,7/8/2020,east
3535,1524,7/8/2020,west
3536,1788,7/9/2020,north
3537,1713,7/9/2020,south
3538,1596,7/9/2020,east
3539,1716,7/9/2020,west
3540,1587,7/10/2020,north
3541,1509,7/10/2020,south
3542,1698,7/10/2020,east
3543,1515,7/10/2020,west
3544,1500,7/11/2020,north
3545,1689,7/11/2020,south
3546,1554,7/11/2020,east
3547,1509,7/11/2020,west
3548,1746,7/12/2020,north
3549,1572,7/12/2020,south
3550,1773,7/12/2020,east
3551,1596,7/12/2020,west
3552,1680,7/13/2020,north
3553,1764,7/13/2020,south
3554,1782,7/13/2020,east
3555,1728,7/13/2020,west
3556,1557,7/14/2020,north
3557,1515,7/14/2020,south
3558,1695,7/14/2020,east
3559,1500,7/14/2020,west
3560,1542,7/15/2020,north
3561,1740,7/15/2020,south
3562,1647,7/15/2020,east
3563,1596,7/15/2020,west
3564,1515,7/16/2020,north
3565,1731,7/16/2020,south
3566,1605,7/16/2020,east
3567,1791,7/16/2020,west
3568,1794,7/17/2020,north
3569,1677,7/17/2020,south
3570,1641,7/17/2020,east
3571,1773,7/17/2020,west
3572,1623,7/18/2020,north
3573,1707,7/18/2020,south
3574,1749,7/18/2020,east
3575,1797,7/18/2020,west
3576,1614,7/19/2020,north
3577,1653,7/19/2020,south
3578,1674,7/19/2020,east
3579,1779,7/19/2020,west
3580,1797,7/20/2020,north
3581,1560,7/20/2020,south
3582,1638,7/20/2020,east
3583,1716,7/20/2020,west
3584,1572,7/21/2020,north
3585,1767,7/21/2020,south
3586,1689,7/21/2020,east
3587,1734,7/21/2020,west
3588,1668,7/22/2020,north
3589,1728,7/22/2020,south
3590,1668,7/22/2020,east
3591,1584,7/22/2020,west
3592,1692,7/23/2020,north
3593,1710,7/23/2020,south
3594,1758,7/23/2020,east
3595,1545,7/23/2020,west
3596,1530,7/24/2020,north
3597,1530,7/24/2020,south
3598,1575,7/24/2020,east
3599,1776,7/24/2020,west
3600,1794,7/25/2020,north
3601,1647,7/25/2020,south
3602,1611,7/25/2020,east
3603,1704,7/25/2020,west
3604,1569,7/26/2020,north
3605,1659,7/26/2020,south
3606,1575,7/26/2020,east
3607,1788,7/26/2020,west
3608,1602,7/27/2020,north
3609,1620,7/27/2020,south
3610,1530,7/27/2020,east
3611,1608,7/27/2020,west
3612,1800,7/28/2020,north
3613,1506,7/28/2020,south
3614,1608,7/28/2020,east
3615,1581,7/28/2020,west
3616,1533,7/29/2020,north
3617,1686,7/29/2020,south
3618,1773,7/29/2020,east
3619,1644,7/29/2020,west
3620,1722,7/30/2020,north
3621,1584,7/30/2020,south
3622,1596,7/30/2020,east
3623,1512,7/30/2020,west
3624,1527,7/31/2020,north
3625,1530,7/31/2020,south
3626,1533,7/31/2020,east
3627,1530,7/31/2020,west
3628,1788,8/1/2020,north
3629,1596,8/1/2020,south
3630,1680,8/1/2020,east
3631,1671,8/1/2020,west
3632,1656,8/2/2020,north
3633,1716,8/2/2020,south
3634,1623,8/2/2020,east
3635,1596,8/2/2020,west
3636,1665,8/3/2020,north
3637,1650,8/3/2020,south
3638,1503,8/3/2020,east
3639,1665,8/3/2020,west
3640,1539,8/4/2020,north
3641,1659,8/4/2020,south
3642,1602,8/4/2020,east
3643,1719,8/4/2020,west
3644,1749,8/5/2020,north
3645,1548,8/5/2020,south
3646,1653,8/5/2020,east
3647,1662,8/5/2020,west
3648,1770,8/6/2020,north
3649,1710,8/6/2020,south
3650,1509,8/6/2020,east
3651,1545,8/6/2020,west
3652,1740,8/7/2020,north
3653,1524,8/7/2020,south
3654,1641,8/7/2020,east
3655,1710,8/7/2020,west
3656,1728,8/8/2020,north
3657,1695,8/8/2020,south
3658,1716,8/8/2020,east
3659,1785,8/8/2020,west
3660,1617,8/9/2020,north
3661,1752,8/9/2020,south
3662,1734,8/9/2020,east
3663,1521,8/9/2020,west
3664,1545,8/10/2020,north
3665,1722,8/10/2020,south
3666,1647,8/10/2020,east
3667,1530,8/10/2020,west
3668,1632,8/11/2020,north
3669,1620,8/11/2020,south
3670,1551,8/11/2020,east
3671,1557,8/11/2020,west
3672,1737,8/12/2020,north
3673,1749,8/12/2020,south
3674,1704,8/12/2020,east
3675,1671,8/12/2020,west
3676,1500,8/13/2020,north
3677,1500,8/13/2020,south
3678,1701,8/13/2020,east
3679,1785,8/13/2020,west
3680,1542,8/14/2020,north
3681,1791,8/14/2020,south
3682,1716,8/14/2020,east
3683,1665,8/14/2020,west
3684,1740,8/15/2020,north
3685,1632,8/15/2020,south
3686,1560,8/15/2020,east
3687,1689,8/15/2020,west
3688,1749,8/16/2020,north
3689,1605,8/16/2020,south
3690,1629,8/16/2020,east
3691,1728,8/16/2020,west
3692,1554,8/17/2020,north
3693,1629,8/17/2020,south
3694,1698,8/17/2020,east
3695,1635,8/17/2020,west
3696,1761,8/18/2020,north
3697,1566,8/18/2020,south
3698,1692,8/18/2020,east
3699,1563,8/18/2020,west
3700,1662,8/19/2020,north
3701,1635,8/19/2020,south
3702,1674,8/19/2020,east
3703,1602,8/19/2020,west
3704,1686,8/20/2020,north
3705,1506,8/20/2020,south
3706,1515,8/20/2020,east
3707,1779,8/20/2020,west
3708,1557,8/21/2020,north
3709,1551,8/21/2020,south
3710,1521,8/21/2020,east
3711,1710,8/21/2020,west
3712,1563,8/22/2020,north
3713,1683,8/22/2020,south
3714,1791,8/22/2020,east
3715,1773,8/22/2020,west
3716,1716,8/23/2020,north
3717,1731,8/23/2020,south
3718,1593,8/23/2020,east
3719,1788,8/23/2020,west
3720,1785,8/24/2020,north
3721,1647,8/24/2020,south
3722,1755,8/24/2020,east
3723,1665,8/24/2020,west
3724,1545,8/25/2020,north
3725,1755,8/25/2020,south
3726,1605,8/25/2020,east
3727,1548,8/25/2020,west
3728,1533,8/26/2020,north
3729,1752,8/26/2020,south
3730,1758,8/26/2020,east
3731,1767,8/26/2020,west
3732,1761,8/27/2020,north
3733,1671,8/27/2020,south
3734,1551,8/27/2020,east
3735,1686,8/27/2020,west
3736,1788,8/28/2020,north
3737,1551,8/28/2020,south
3738,1554,8/28/2020,east
3739,1623,8/28/2020,west
3740,1698,8/29/2020,north
3741,1659,8/29/2020,south
3742,1593,8/29/2020,east
3743,1674,8/29/2020,west
3744,1800,8/30/2020,north
3745,1554,8/30/2020,south
3746,1713,8/30/2020,east
3747,1611,8/30/2020,west
3748,1797,8/31/2020,north
3749,1581,8/31/2020,south
3750,1623,8/31/2020,east
3751,1515,8/31/2020,west
3752,1797,9/1/2020,north
3753,1704,9/1/2020,south
3754,1539,9/1/2020,east
3755,1617,9/1/2020,west
3756,1737,9/2/2020,north
3757,1635,9/2/2020,south
3758,1671,9/2/2020,east
3759,1632,9/2/2020,west
3760,1575,9/3/2020,north
3761,1713,9/3/2020,south
3762,1581,9/3/2020,east
3763,1719,9/3/2020,west
3764,1533,9/4/2020,north
3765,1539,9/4/2020,south
3766,1569,9/4/2020,east
3767,1743,9/4/2020,west
3768,1620,9/5/2020,north
3769,1743,9/5/2020,south
3770,1563,9/5/2020,east
3771,1764,9/5/2020,west
3772,1638,9/6/2020,north
3773,1734,9/6/2020,south
3774,1794,9/6/2020,east
3775,1782,9/6/2020,west
3776,1509,9/7/2020,north
3777,1749,9/7/2020,south
3778,1608,9/7/2020,east
3779,1794,9/7/2020,west
3780,1710,9/8/2020,north
3781,1536,9/8/2020,south
3782,1539,9/8/2020,east
3783,1512,9/8/2020,west
3784,1578,9/9/2020,north
3785,1575,9/9/2020,south
3786,1551,9/9/2020,east
3787,1650,9/9/2020,west
3788,1662,9/10/2020,north
3789,1767,9/10/2020,south
3790,1596,9/10/2020,east
3791,1710,9/10/2020,west
3792,1764,9/11/2020,north
3793,1722,9/11/2020,south
3794,1611,9/11/2020,east
3795,1656,9/11/2020,west
3796,1602,9/12/2020,north
3797,1686,9/12/2020,south
3798,1599,9/12/2020,east
3799,1800,9/12/2020,west
3800,1503,9/13/2020,north
3801,1554,9/13/2020,south
3802,1554,9/13/2020,east
3803,1575,9/13/2020,west
3804,1647,9/14/2020,north
3805,1776,9/14/2020,south
3806,1788,9/14/2020,east
3807,1791,9/14/2020,west
3808,1542,9/15/2020,north
3809,1782,9/15/2020,south
3810,1620,9/15/2020,east
3811,1641,9/15/2020,west
3812,1590,9/16/2020,north
3813,1734,9/16/2020,south
3814,1710,9/16/2020,east
3815,1641,9/16/2020,west
3816,1611,9/17/2020,north
3817,1581,9/17/2020,south
3818,1596,9/17/2020,east
3819,1539,9/17/2020,west
3820,1764,9/18/2020,north
3821,1584,9/18/2020,south
3822,1701,9/18/2020,east
3823,1518,9/18/2020,west
3824,1692,9/19/2020,north
3825,1743,9/19/2020,south
3826,1737,9/19/2020,east
3827,1590,9/19/2020,west
3828,1623,9/20/2020,north
3829,1521,9/20/2020,south
3830,1590,9/20/2020,east
3831,1677,9/20/2020,west
3832,1776,9/21/2020,north
3833,1629,9/21/2020,south
3834,1776,9/21/2020,east
3835,1728,9/21/2020,west
3836,1776,9/22/2020,north
3837,1629,9/22/2020,south
3838,1539,9/22/2020,east
3839,1563,9/22/2020,west
3840,1506,9/23/2020,north
3841,1698,9/23/2020,south
3842,1734,9/23/2020,east
3843,1557,9/23/2020,west
3844,1527,9/24/2020,north
3845,1761,9/24/2020,south
3846,1560,9/24/2020,east
3847,1650,9/24/2020,west
3848,1533,9/25/2020,north
3849,1602,9/25/2020,south
3850,1743,9/25/2020,east
3851,1617,9/25/2020,west
3852,1536,9/26/2020,north
3853,1773,9/26/2020,south
3854,1521,9/26/2020,east
3855,1542,9/26/2020,west
3856,1737,9/27/2020,north
3857,1509,9/27/2020,south
3858,1626,9/27/2020,east
3859,1584,9/27/2020,west
3860,1671,9/28/2020,north
3861,1680,9/28/2020,south
3862,1599,9/28/2020,east
3863,1776,9/28/2020,west
3864,1674,9/29/2020,north
3865,1728,9/29/2020,south
3866,1551,9/29/2020,east
3867,1641,9/29/2020,west
3868,1614,9/30/2020,north
3869,1773,9/30/2020,south
3870,1509,9/30/2020,east
3871,1740,9/30/2020,west
3872,1614,10/1/2020,north
3873,1599,10/1/2020,south
3874,1785,10/1/2020,east
3875,1506,10/1/2020,west
3876,1689,10/2/2020,north
3877,1659,10/2/2020,south
3878,1785,10/2/2020,east
3879,1701,10/2/2020,west
3880,1515,10/3/2020,north
3881,1545,10/3/2020,south
3882,1599,10/3/2020,east
3883,1512,10/3/2020,west
3884,1524,10/4/2020,north
3885,1779,10/4/2020,south
3886,1500,10/4/2020,east
3887,1755,10/4/2020,west
3888,1773,10/5/2020,north
3889,1743,10/5/2020,south
3890,1662,10/5/2020,east
3891,1596,10/5/2020,west
3892,1788,10/6/2020,north
3893,1503,10/6/2020,south
3894,1779,10/6/2020,east
3895,1563,10/6/2020,west
3896,1554,10/7/2020,north
3897,1734,10/7/2020,south
3898,1629,10/7/2020,east
3899,1608,10/7/2020,west
3900,1794,10/8/2020,north
3901,1674,10/8/2020,south
3902,1662,10/8/2020,east
3903,1788,10/8/2020,west
3904,1536,10/9/2020,north
3905,1521,10/9/2020,south
3906,1656,10/9/2020,east
3907,1551,10/9/2020,west
3908,1593,10/10/2020,north
3909,1590,10/10/2020,south
3910,1671,10/10/2020,east
3911,1707,10/10/2020,west
3912,1569,10/11/2020,north
3913,1773,10/11/2020,south
3914,1674,10/11/2020,east
3915,1536,10/11/2020,west
3916,1677,10/12/2020,north
3917,1605,10/12/2020,south
3918,1653,10/12/2020,east
3919,1749,10/12/2020,west
3920,1578,10/13/2020,north
3921,1638,10/13/2020,south
3922,1515,10/13/2020,east
3923,1683,10/13/2020,west
3924,1680,10/14/2020,north
3925,1755,10/14/2020,south
3926,1584,10/14/2020,east
3927,1590,10/14/2020,west
3928,1518,10/15/2020,north
3929,1701,10/15/2020,south
3930,1716,10/15/2020,east
3931,1563,10/15/2020,west
3932,1638,10/16/2020,north
3933,1689,10/16/2020,south
3934,1515,10/16/2020,east
3935,1632,10/16/2020,west
3936,1509,10/17/2020,north
3937,1791,10/17/2020,south
3938,1509,10/17/2020,east
3939,1776,10/17/2020,west
3940,1524,10/18/2020,north
3941,1716,10/18/2020,south
3942,1578,10/18/2020,east
3943,1713,10/18/2020,west
3944,1656,10/19/2020,north
3945,1725,10/19/2020,south
3946,1554,10/19/2020,east
3947,1524,10/19/2020,west
3948,1569,10/20/2020,north
3949,1758,10/20/2020,south
3950,1758,10/20/2020,east
3951,1614,10/20/2020,west
3952,1740,10/21/2020,north
3953,1521,10/21/2020,south
3954,1722,10/21/2020,east
3955,1605,10/21/2020,west
3956,1749,10/22/2020,north
3957,1638,10/22/2020,south
3958,1710,10/22/2020,east
3959,1668,10/22/2020,west
3960,1635,10/23/2020,north
3961,1533,10/23/2020,south
3962,1635,10/23/2020,east
3963,1575,10/23/2020,west
3964,1737,10/24/2020,north
3965,1593,10/24/2020,south
3966,1707,10/24/2020,east
3967,1536,10/24/2020,west
3968,1689,10/25/2020,north
3969,1680,10/25/2020,south
3970,1605,10/25/2020,east
3971,1617,10/25/2020,west
3972,1746,10/26/2020,north
3973,1518,10/26/2020,south
3974,1656,10/26/2020,east
3975,1542,10/26/2020,west
3976,1581,10/27/2020,north
3977,1716,10/27/2020,south
3978,1683,10/27/2020,east
3979,1518,10/27/2020,west
3980,1746,10/28/2020,north
3981,1587,10/28/2020,south
3982,1644,10/28/2020,east
3983,1731,10/28/2020,west
3984,1770,10/29/2020,north
3985,1692,10/29/2020,south
3986,1557,10/29/2020,east
3987,1524,10/29/2020,west
3988,1773,10/30/2020,north
3989,1689,10/30/2020,south
3990,1776,10/30/2020,east
3991,1686,10/30/2020,west
3992,1581,10/31/2020,north
3993,1758,10/31/2020,south
3994,1755,10/31/2020,east
3995,1668,10/31/2020,west
3996,1665,11/1/2020,north
3997,1551,11/1/2020,south
3998,1770,11/1/2020,east
3999,1593,11/1/2020,west
4000,1734,11/2/2020,north
4001,1500,11/2/2020,south
4002,1740,11/2/2020,east
4003,1686,11/2/2020,west
4004,1551,11/3/2020,north
4005,1752,11/3/2020,south
4006,1746,11/3/2020,east
4007,1581,11/3/2020,west
4008,1773,11/4/2020,north
4009,1788,11/4/2020,south
4010,1545,11/4/2020,east
4011,1506,11/4/2020,west
4012,1644,11/5/2020,north
4013,1605,11/5/2020,south
4014,1686,11/5/2020,east
4015,1539,11/5/2020,west
4016,1725,11/6/2020,north
4017,1599,11/6/2020,south
4018,1659,11/6/2020,east
4019,1575,11/6/2020,west
4020,1653,11/7/2020,north
4021,1641,11/7/2020,south
4022,1587,11/7/2020,east
4023,1758,11/7/2020,west
4024,1785,11/8/2020,north
4025,1695,11/8/2020,south
4026,1581,11/8/2020,east
4027,1734,11/8/2020,west
4028,1788,11/9/2020,north
4029,1593,11/9/2020,south
4030,1593,11/9/2020,east
4031,1512,11/9/2020,west
4032,1638,11/10/2020,north
4033,1734,11/10/2020,south
4034,1695,11/10/2020,east
4035,1638,11/10/2020,west
4036,1695,11/11/2020,north
4037,1533,11/11/2020,south
4038,1731,11/11/2020,east
4039,1689,11/11/2020,west
4040,1713,11/12/2020,north
4041,1596,11/12/2020,south
4042,1686,11/12/2020,east
4043,1515,11/12/2020,west
4044,1581,11/13/2020,north
4045,1521,11/13/2020,south
4046,1677,11/13/2020,east
4047,1635,11/13/2020,west
4048,1749,11/14/2020,north
4049,1542,11/14/2020,south
4050,1602,11/14/2020,east
4051,1557,11/14/2020,west
4052,1686,11/15/2020,north
4053,1638,11/15/2020,south
4054,1794,11/15/2020,east
4055,1659,11/15/2020,west
4056,1773,11/16/2020,north
4057,1671,11/16/2020,south
4058,1626,11/16/2020,east
4059,1725,11/16/2020,west
4060,1686,11/17/2020,north
4061,1521,11/17/2020,south
4062,1734,11/17/2020,east
4063,1530,11/17/2020,west
4064,1698,11/18/2020,north
4065,1770,11/18/2020,south
4066,1752,11/18/2020,east
4067,1662,11/18/2020,west
4068,1566,11/19/2020,north
4069,1590,11/19/2020,south
4070,1635,11/19/2020,east
4071,1698,11/19/2020,west
4072,1683,11/20/2020,north
4073,1653,11/20/2020,south
4074,1527,11/20/2020,east
4075,1524,11/20/2020,west
4076,1593,11/21/2020,north
4077,1656,11/21/2020,south
4078,1623,11/21/2020,east
4079,1638,11/21/2020,west
4080,1596,11/22/2020,north
4081,1575,11/22/2020,south
4082,1656,11/22/2020,east
4083,1725,11/22/2020,west
4084,1767,11/23/2020,north
4085,1650,11/23/2020,south
4086,1641,11/23/2020,east
4087,1632,11/23/2020,west
4088,1602,11/24/2020,north
4089,1632,11/24/2020,south
4090,1743,11/24/2020,east
4091,1617,11/24/2020,west
4092,1725,11/25/2020,north
4093,1761,11/25/2020,south
4094,1791,11/25/2020,east
4095,1620,11/25/2020,west
4096,1770,11/26/2020,north
4097,1791,11/26/2020,south
4098,1665,11/26/2020,east
4099,1743,11/26/2020,west
4100,1632,11/27/2020,north
4101,1587,11/27/2020,south
4102,1680,11/27/2020,east
4103,1656,11/27/2020,west
4104,1746,11/28/2020,north
4105,1599,11/28/2020,south
4106,1719,11/28/2020,east
4107,1794,11/28/2020,west
4108,1758,11/29/2020,north
4109,1557,11/29/2020,south
4110,1647,11/29/2020,east
4111,1740,11/29/2020,west
4112,1635,11/30/2020,north
4113,1584,11/30/2020,south
4114,1614,11/30/2020,east
4115,1749,11/30/2020,west
4116,1587,12/1/2020,north
4117,1719,12/1/2020,south
4118,1620,12/1/2020,east
4119,1656,12/1/2020,west
4120,1554,12/2/2020,north
4121,1755,12/2/2020,south
4122,1737,12/2/2020,east
4123,1548,12/2/2020,west
4124,1572,12/3/2020,north
4125,1560,12/3/2020,south
4126,1746,12/3/2020,east
4127,1788,12/3/2020,west
4128,1638,12/4/2020,north
4129,1626,12/4/2020,south
4130,1518,12/4/2020,east
4131,1773,12/4/2020,west
4132,1707,12/5/2020,north
4133,1614,12/5/2020,south
4134,1722,12/5/2020,east
4135,1524,12/5/2020,west
4136,1560,12/6/2020,north
4137,1617,12/6/2020,south
4138,1566,12/6/2020,east
4139,1515,12/6/2020,west
4140,1509,12/7/2020,north
4141,1545,12/7/2020,south
4142,1596,12/7/2020,east
4143,1671,12/7/2020,west
4144,1686,12/8/2020,north
4145,1785,12/8/2020,south
4146,1800,12/8/2020,east
4147,1590,12/8/2020,west
4148,1788,12/9/2020,north
4149,1788,12/9/2020,south
4150,1584,12/9/2020,east
4151,1665,12/9/2020,west
4152,1620,12/10/2020,north
4153,1725,12/10/2020,south
4154,1569,12/10/2020,east
4155,1533,12/10/2020,west
4156,1503,12/11/2020,north
4157,1713,12/11/2020,south
4158,1650,12/11/2020,east
4159,1776,12/11/2020,west
4160,1629,12/12/2020,north
4161,1662,12/12/2020,south
4162,1623,12/12/2020,east
4163,1590,12/12/2020,west
4164,1650,12/13/2020,north
4165,1647,12/13/2020,south
4166,1683,12/13/2020,east
4167,1530,12/13/2020,west
4168,1746,12/14/2020,north
4169,1551,12/14/2020,south
4170,1548,12/14/2020,east
4171,1767,12/14/2020,west
4172,1785,12/15/2020,north
4173,1734,12/15/2020,south
4174,1578,12/15/2020,east
4175,1596,12/15/2020,west
4176,1779,12/16/2020,north
4177,1770,12/16/2020,south
4178,1581,12/16/2020,east
4179,1614,12/16/2020,west
4180,1506,12/17/2020,north
4181,1533,12/17/2020,south
4182,1677,12/17/2020,east
4183,1737,12/17/2020,west
4184,1635,12/18/2020,north
4185,1800,12/18/2020,south
4186,1794,12/18/2020,east
4187,1653,12/18/2020,west
4188,1719,12/19/2020,north
4189,1674,12/19/2020,south
4190,1575,12/19/2020,east
4191,1650,12/19/2020,west
4192,1707,12/20/2020,north
4193,1692,12/20/2020,south
4194,1614,12/20/2020,east
4195,1563,12/20/2020,west
4196,1575,12/21/2020,north
4197,1506,12/21/2020,south
4198,1599,12/21/2020,east
4199,1686,12/21/2020,west
4200,1518,12/22/2020,north
4201,1677,12/22/2020,south
4202,1722,12/22/2020,east
4203,1566,12/22/2020,west
4204,1677,12/23/2020,north
4205,1542,12/23/2020,south
4206,1785,12/23/2020,east
4207,1671,12/23/2020,west
4208,1725,12/24/2020,north
4209,1506,12/24/2020,south
4210,1563,12/24/2020,east
4211,1668,12/24/2020,west
4212,1782,12/25/2020,north
4213,1557,12/25/2020,south
4214,1797,12/25/2020,east
4215,1563,12/25/2020,west
4216,1554,12/26/2020,north
4217,1650,12/26/2020,south
4218,1698,12/26/2020,east
4219,1737,12/26/2020,west
4220,1770,12/27/2020,north
4221,1734,12/27/2020,south
4222,1770,12/27/2020,east
4223,1524,12/27/2020,west
4224,1725,12/28/2020,north
4225,1536,12/28/2020,south
4226,1758,12/28/2020,east
4227,1683,12/28/2020,west
4228,1518,12/29/2020,north
4229,1677,12/29/2020,south
4230,1614,12/29/2020,east
4231,1767,12/29/2020,west
4232,1524,12/30/2020,north
4233,1530,12/30/2020,south
4234,1584,12/30/2020,east
4235,1791,12/30/2020,west
4236,1740,12/31/2020,north
4237,1698,12/31/2020,south
4238,1770,12/31/2020,east
4239,1650,12/31/2020,west
4240,1536,1/1/2021,north
4241,1542,1/1/2021,south
4242,1671,1/1/2021,east
4243,1752,1/1/2021,west
4244,1794,1/2/2021,north
4245,1620,1/2/2021,south
4246,1584,1/2/2021,east
4247,1503,1/2/2021,west
4248,1758,1/3/2021,north
4249,1578,1/3/2021,south
4250,1677,1/3/2021,east
4251,1722,1/3/2021,west
4252,1590,1/4/2021,north
4253,1785,1/4/2021,south
4254,1731,1/4/2021,east
4255,1686,1/4/2021,west
4256,1536,1/5/2021,north
4257,1578,1/5/2021,south
4258,1683,1/5/2021,east
4259,1608,1/5/2021,west
4260,1743,1/6/2021,north
4261,1743,1/6/2021,south
4262,1638,1/6/2021,east
4263,1788,1/6/2021,west
4264,1716,1/7/2021,north
4265,1602,1/7/2021,south
4266,1596,1/7/2021,east
4267,1797,1/7/2021,west
4268,1662,1/8/2021,north
4269,1668,1/8/2021,south
4270,1662,1/8/2021,east
4271,1521,1/8/2021,west
4272,1563,1/9/2021,north
4273,1647,1/9/2021,south
4274,1743,1/9/2021,east
4275,1653,1/9/2021,west
4276,1731,1/10/2021,north
4277,1608,1/10/2021,south
4278,1512,1/10/2021,east
4279,1545,1/10/2021,west
4280,1740,1/11/2021,north
4281,1611,1/11/2021,south
4282,1536,1/11/2021,east
4283,1626,1/11/2021,west
4284,1614,1/12/2021,north
4285,1572,1/12/2021,south
4286,1539,1/12/2021,east
4287,1605,1/12/2021,west
4288,1545,1/13/2021,north
4289,1542,1/13/2021,south
4290,1779,1/13/2021,east
4291,1680,1/13/2021,west
4292,1701,1/14/2021,north
4293,1677,1/14/2021,south
4294,1614,1/14/2021,east
4295,1590,1/14/2021,west
4296,2025,1/15/2021,north
4297,2195,1/15/2021,south
4298,2180,1/15/2021,east
4299,2395,1/15/2021,west
4300,2110,1/16/2021,north
4301,2145,1/16/2021,south
4302,2340,1/16/2021,east
4303,2390,1/16/2021,west
4304,2475,1/17/2021,north
4305,2320,1/17/2021,south
4306,2105,1/17/2021,east
4307,2090,1/17/2021,west
4308,2050,1/18/2021,north
4309,2410,1/18/2021,south
4310,2125,1/18/2021,east
4311,2325,1/18/2021,west
4312,2335,1/19/2021,north
4313,2105,1/19/2021,south
4314,2340,1/19/2021,east
4315,2420,1/19/2021,west
4316,2415,1/20/2021,north
4317,2495,1/20/2021,south
4318,2070,1/20/2021,east
4319,2405,1/20/2021,west
4320,2090,1/21/2021,north
4321,2145,1/21/2021,south
4322,2245,1/21/2021,east
4323,2330,1/21/2021,west
4324,2460,1/22/2021,north
4325,2230,1/22/2021,south
4326,2010,1/22/2021,east
4327,2380,1/22/2021,west
4328,2025,1/23/2021,north
4329,2085,1/23/2021,south
4330,2420,1/23/2021,east
4331,2175,1/23/2021,west
4332,2015,1/24/2021,north
4333,2445,1/24/2021,south
4334,2255,1/24/2021,east
4335,2085,1/24/2021,west
4336,2210,1/25/2021,north
4337,2145,1/25/2021,south
4338,2200,1/25/2021,east
4339,2160,1/25/2021,west
4340,2050,1/26/2021,north
4341,2280,1/26/2021,south
4342,2165,1/26/2021,east
4343,2345,1/26/2021,west
4344,2000,1/27/2021,north
4345,2010,1/27/2021,south
4346,2060,1/27/2021,east
4347,2020,1/27/2021,west
4348,2140,1/28/2021,north
4349,2310,1/28/2021,south
4350,2285,1/28/2021,east
4351,2005,1/28/2021,west
4352,2295,1/29/2021,north
4353,2195,1/29/2021,south
4354,2465,1/29/2021,east
4355,2095,1/29/2021,west
4356,2400,1/30/2021,north
4357,2290,1/30/2021,south
4358,2370,1/30/2021,east
4359,2165,1/30/2021,west
4360,2430,1/31/2021,north
4361,2260,1/31/2021,south
4362,2215,1/31/2021,east
4363,2145,1/31/2021,west
4364,2350,2/1/2021,north
4365,2180,2/1/2021,south
4366,2290,2/1/2021,east
4367,2115,2/1/2021,west
4368,2315,2/2/2021,north
4369,2100,2/2/2021,south
4370,2430,2/2/2021,east
4371,2215,2/2/2021,west
4372,2000,2/3/2021,north
4373,2355,2/3/2021,south
4374,2110,2/3/2021,east
4375,2240,2/3/2021,west
4376,2380,2/4/2021,north
4377,2305,2/4/2021,south
4378,2300,2/4/2021,east
4379,2120,2/4/2021,west
4380,2185,2/5/2021,north
4381,2295,2/5/2021,south
4382,2215,2/5/2021,east
4383,2050,2/5/2021,west
4384,2225,2/6/2021,north
4385,2405,2/6/2021,south
4386,2095,2/6/2021,east
4387,2200,2/6/2021,west
4388,2070,2/7/2021,north
4389,2065,2/7/2021,south
4390,2080,2/7/2021,east
4391,2010,2/7/2021,west
4392,2395,2/8/2021,north
4393,2345,2/8/2021,south
4394,2085,2/8/2021,east
4395,2250,2/8/2021,west
4396,2045,2/9/2021,north
4397,2345,2/9/2021,south
4398,2455,2/9/2021,east
4399,2260,2/9/2021,west
4400,2130,2/10/2021,north
4401,2035,2/10/2021,south
4402,2045,2/10/2021,east
4403,2145,2/10/2021,west
4404,2320,2/11/2021,north
4405,2350,2/11/2021,south
4406,2085,2/11/2021,east
4407,2160,2/11/2021,west
4408,2375,2/12/2021,north
4409,2230,2/12/2021,south
4410,2230,2/12/2021,east
4411,2130,2/12/2021,west
4412,2425,2/13/2021,north
4413,2465,2/13/2021,south
4414,2105,2/13/2021,east
4415,2485,2/13/2021,west
4416,2340,2/14/2021,north
4417,2240,2/14/2021,south
4418,2285,2/14/2021,east
4419,2375,2/14/2021,west
4420,2110,2/15/2021,north
4421,2325,2/15/2021,south
4422,2265,2/15/2021,east
4423,2175,2/15/2021,west
4424,2295,2/16/2021,north
4425,2250,2/16/2021,south
4426,2180,2/16/2021,east
4427,2465,2/16/2021,west
4428,2380,2/17/2021,north
4429,2130,2/17/2021,south
4430,2350,2/17/2021,east
4431,2470,2/17/2021,west
4432,2005,2/18/2021,north
4433,2125,2/18/2021,south
4434,2480,2/18/2021,east
4435,2240,2/18/2021,west
4436,2125,2/19/2021,north
4437,2425,2/19/2021,south
4438,2050,2/19/2021,east
4439,2045,2/19/2021,west
4440,2260,2/20/2021,north
4441,2105,2/20/2021,south
4442,2420,2/20/2021,east
4443,2400,2/20/2021,west
4444,2345,2/21/2021,north
4445,2040,2/21/2021,south
4446,2170,2/21/2021,east
4447,2445,2/21/2021,west
4448,2145,2/22/2021,north
4449,2050,2/22/2021,south
4450,2200,2/22/2021,east
4451,2140,2/22/2021,west
4452,2490,2/23/2021,north
4453,2370,2/23/2021,south
4454,2055,2/23/2021,east
4455,2380,2/23/2021,west
4456,2330,2/24/2021,north
4457,2420,2/24/2021,south
4458,2235,2/24/2021,east
4459,2045,2/24/2021,west
4460,2205,2/25/2021,north
4461,2065,2/25/2021,south
4462,2300,2/25/2021,east
4463,2035,2/25/2021,west
4464,2455,2/26/2021,north
4465,2350,2/26/2021,south
4466,2270,2/26/2021,east
4467,2315,2/26/2021,west
4468,2000,2/27/2021,north
4469,2305,2/27/2021,south
4470,2150,2/27/2021,east
4471,2305,2/27/2021,west
4472,2145,2/28/2021,north
4473,2155,2/28/2021,south
4474,2290,2/28/2021,east
4475,2155,2/28/2021,west
4476,2360,3/1/2021,north
4477,2430,3/1/2021,south
4478,2185,3/1/2021,east
4479,2245,3/1/2021,west
4480,2370,3/2/2021,north
4481,2300,3/2/2021,south
4482,2215,3/2/2021,east
4483,2225,3/2/2021,west
4484,2405,3/3/2021,north
4485,2000,3/3/2021,south
4486,2025,3/3/2021,east
4487,2380,3/3/2021,west
4488,2390,3/4/2021,north
4489,2335,3/4/2021,south
4490,2205,3/4/2021,east
4491,2035,3/4/2021,west
4492,2080,3/5/2021,north
4493,2340,3/5/2021,south
4494,2045,3/5/2021,east
4495,2005,3/5/2021,west
4496,2075,3/6/2021,north
4497,2190,3/6/2021,south
4498,2305,3/6/2021,east
4499,2190,3/6/2021,west
4500,2220,3/7/2021,north
4501,2025,3/7/2021,south
4502,2350,3/7/2021,east
4503,2425,3/7/2021,west
4504,2170,3/8/2021,north
4505,2095,3/8/2021,south
4506,2475,3/8/2021,east
4507,2395,3/8/2021,west
4508,2380,3/9/2021,north
4509,2000,3/9/2021,south
4510,2180,3/9/2021,east
4511,2365,3/9/2021,west
4512,2380,3/10/2021,north
4513,2320,3/10/2021,south
4514,2005,3/10/2021,east
4515,2270,3/10/2021,west
4516,2005,3/11/2021,north
4517,2410,3/11/2021,south
4518,2065,3/11/2021,east
4519,2170,3/11/2021,west
4520,2175,3/12/2021,north
4521,2310,3/12/2021,south
4522,2490,3/12/2021,east
4523,2400,3/12/2021,west
4524,2065,3/13/2021,north
4525,2165,3/13/2021,south
4526,2305,3/13/2021,east
4527,2100,3/13/2021,west
4528,2245,3/14/2021,north
4529,2365,3/14/2021,south
4530,2300,3/14/2021,east
4531,2340,3/14/2021,west
4532,2330,3/15/2021,north
4533,2445,3/15/2021,south
4534,2390,3/15/2021,east
4535,2210,3/15/2021,west
4536,2365,3/16/2021,north
4537,2500,3/16/2021,south
4538,2235,3/16/2021,east
4539,2480,3/16/2021,west
4540,2065,3/17/2021,north
4541,2325,3/17/2021,south
4542,2480,3/17/2021,east
4543,2265,3/17/2021,west
4544,2440,3/18/2021,north
4545,2020,3/18/2021,south
4546,2115,3/18/2021,east
4547,2075,3/18/2021,west
4548,2035,3/19/2021,north
4549,2495,3/19/2021,south
4550,2340,3/19/2021,east
4551,2220,3/19/2021,west
4552,2380,3/20/2021,north
4553,2360,3/20/2021,south
4554,2325,3/20/2021,east
4555,2340,3/20/2021,west
4556,2300,3/21/2021,north
4557,2030,3/21/2021,south
4558,2110,3/21/2021,east
4559,2490,3/21/2021,west
4560,2420,3/22/2021,north
4561,2030,3/22/2021,south
4562,2450,3/22/2021,east
4563,2315,3/22/2021,west
4564,2470,3/23/2021,north
4565,2240,3/23/2021,south
4566,2155,3/23/2021,east
4567,2005,3/23/2021,west
4568,2005,3/24/2021,north
4569,2075,3/24/2021,south
4570,2080,3/24/2021,east
4571,2395,3/24/2021,west
4572,2435,3/25/2021,north
4573,2055,3/25/2021,south
4574,2130,3/25/2021,east
4575,2365,3/25/2021,west
4576,2320,3/26/2021,north
4577,2325,3/26/2021,south
4578,2210,3/26/2021,east
4579,2225,3/26/2021,west
4580,2465,3/27/2021,north
4581,2175,3/27/2021,south
4582,2145,3/27/2021,east
4583,2085,3/27/2021,west
4584,2310,3/28/2021,north
4585,2070,3/28/2021,south
4586,2355,3/28/2021,east
4587,2410,3/28/2021,west
4588,2475,3/29/2021,north
4589,2005,3/29/2021,south
4590,2025,3/29/2021,east
4591,2265,3/29/2021,west
4592,2090,3/30/2021,north
4593,2390,3/30/2021,south
4594,2410,3/30/2021,east
4595,2035,3/30/2021,west
4596,2475,3/31/2021,north
4597,2135,3/31/2021,south
4598,2440,3/31/2021,east
4599,2105,3/31/2021,west
4600,2405,4/1/2021,north
4601,2000,4/1/2021,south
4602,2480,4/1/2021,east
4603,2495,4/1/2021,west
4604,2260,4/2/2021,north
4605,2100,4/2/2021,south
4606,2480,4/2/2021,east
4607,2325,4/2/2021,west
4608,2345,4/3/2021,north
4609,2005,4/3/2021,south
4610,2175,4/3/2021,east
4611,2330,4/3/2021,west
4612,2480,4/4/2021,north
4613,2455,4/4/2021,south
4614,2165,4/4/2021,east
4615,2355,4/4/2021,west
4616,2270,4/5/2021,north
4617,2415,4/5/2021,south
4618,2150,4/5/2021,east
4619,2215,4/5/2021,west
4620,2440,4/6/2021,north
4621,2435,4/6/2021,south
4622,2255,4/6/2021,east
4623,2260,4/6/2021,west
4624,2020,4/7/2021,north
4625,2125,4/7/2021,south
4626,2120,4/7/2021,east
4627,2070,4/7/2021,west
4628,2135,4/8/2021,north
4629,2050,4/8/2021,south
4630,2400,4/8/2021,east
4631,2040,4/8/2021,west
4632,2265,4/9/2021,north
4633,2340,4/9/2021,south
4634,2245,4/9/2021,east
4635,2450,4/9/2021,west
4636,2385,4/10/2021,north
4637,2255,4/10/2021,south
4638,2065,4/10/2021,east
4639,2295,4/10/2021,west
4640,2415,4/11/2021,north
4641,2355,4/11/2021,south
4642,2425,4/11/2021,east
4643,2150,4/11/2021,west
4644,2285,4/12/2021,north
4645,2315,4/12/2021,south
4646,2080,4/12/2021,east
4647,2305,4/12/2021,west
4648,2115,4/13/2021,north
4649,2380,4/13/2021,south
4650,2195,4/13/2021,east
4651,2325,4/13/2021,west
4652,2045,4/14/2021,north
4653,2370,4/14/2021,south
4654,2485,4/14/2021,east
4655,2085,4/14/2021,west
4656,2185,4/15/2021,north
4657,2275,4/15/2021,south
4658,2050,4/15/2021,east
4659,2320,4/15/2021,west
4660,2335,4/16/2021,north
4661,2415,4/16/2021,south
4662,2115,4/16/2021,east
4663,2380,4/16/2021,west
4664,2375,4/17/2021,north
4665,2250,4/17/2021,south
4666,2415,4/17/2021,east
4667,2395,4/17/2021,west
4668,2005,4/18/2021,north
4669,2215,4/18/2021,south
4670,2405,4/18/2021,east
4671,2265,4/18/2021,west
4672,2160,4/19/2021,north
4673,2115,4/19/2021,south
4674,2175,4/19/2021,east
4675,2420,4/19/2021,west
4676,2290,4/20/2021,north
4677,2115,4/20/2021,south
4678,2110,4/20/2021,east
4679,2395,4/20/2021,west
4680,2400,4/21/2021,north
4681,2195,4/21/2021,south
4682,2095,4/21/2021,east
4683,2330,4/21/2021,west
4684,2235,4/22/2021,north
4685,2195,4/22/2021,south
4686,2480,4/22/2021,east
4687,2270,4/22/2021,west
4688,2280,4/23/2021,north
4689,2065,4/23/2021,south
4690,2065,4/23/2021,east
4691,2260,4/23/2021,west
4692,2440,4/24/2021,north
4693,2130,4/24/2021,south
4694,2345,4/24/2021,east
4695,2020,4/24/2021,west
4696,2275,4/25/2021,north
4697,2375,4/25/2021,south
4698,2340,4/25/2021,east
4699,2300,4/25/2021,west
4700,2260,4/26/2021,north
4701,2295,4/26/2021,south
4702,2295,4/26/2021,east
4703,2115,4/26/2021,west
4704,2095,4/27/2021,north
4705,2010,4/27/2021,south
4706,2245,4/27/2021,east
4707,2245,4/27/2021,west
4708,2385,4/28/2021,north
4709,2230,4/28/2021,south
4710,2285,4/28/2021,east
4711,2115,4/28/2021,west
4712,2150,4/29/2021,north
4713,2065,4/29/2021,south
4714,2110,4/29/2021,east
4715,2175,4/29/2021,west
4716,2320,4/30/2021,north
4717,2435,4/30/2021,south
4718,2050,4/30/2021,east
4719,2165,4/30/2021,west
4720,2460,5/1/2021,north
4721,2165,5/1/2021,south
4722,2110,5/1/2021,east
4723,2320,5/1/2021,west
4724,2305,5/2/2021,north
4725,2145,5/2/2021,south
4726,2460,5/2/2021,east
4727,2260,5/2/2021,west
4728,2355,5/3/2021,north
4729,2070,5/3/2021,south
4730,2455,5/3/2021,east
4731,2090,5/3/2021,west
4732,2270,5/4/2021,north
4733,2425,5/4/2021,south
4734,2415,5/4/2021,east
4735,2065,5/4/2021,west
4736,2315,5/5/2021,north
4737,2120,5/5/2021,south
4738,2330,5/5/2021,east
4739,2295,5/5/2021,west
4740,2120,5/6/2021,north
4741,2050,5/6/2021,south
4742,2140,5/6/2021,east
4743,2230,5/6/2021,west
4744,2090,5/7/2021,north
4745,2335,5/7/2021,south
4746,2125,5/7/2021,east
4747,2380,5/7/2021,west
4748,2090,5/8/2021,north
4749,2490,5/8/2021,south
4750,2200,5/8/2021,east
4751,2045,5/8/2021,west
4752,2140,5/9/2021,north
4753,2115,5/9/2021,south
4754,2045,5/9/2021,east
4755,2385,5/9/2021,west
4756,2250,5/10/2021,north
4757,2325,5/10/2021,south
4758,2325,5/10/2021,east
4759,2400,5/10/2021,west
4760,2120,5/11/2021,north
4761,2165,5/11/2021,south
4762,2175,5/11/2021,east
4763,2190,5/11/2021,west
4764,2155,5/12/2021,north
4765,2325,5/12/2021,south
4766,2025,5/12/2021,east
4767,2455,5/12/2021,west
4768,2330,5/13/2021,north
4769,2210,5/13/2021,south
4770,2010,5/13/2021,east
4771,2320,5/13/2021,west
4772,2135,5/14/2021,north
4773,2500,5/14/2021,south
4774,2140,5/14/2021,east
4775,2190,5/14/2021,west
4776,2240,5/15/2021,north
4777,2180,5/15/2021,south
4778,2020,5/15/2021,east
4779,2390,5/15/2021,west
4780,2375,5/16/2021,north
4781,2050,5/16/2021,south
4782,2080,5/16/2021,east
4783,2055,5/16/2021,west
4784,2020,5/17/2021,north
4785,2470,5/17/2021,south
4786,2220,5/17/2021,east
4787,2255,5/17/2021,west
4788,2185,5/18/2021,north
4789,2455,5/18/2021,south
4790,2270,5/18/2021,east
4791,2415,5/18/2021,west
4792,2400,5/19/2021,north
4793,2300,5/19/2021,south
4794,2175,5/19/2021,east
4795,2020,5/19/2021,west
4796,2195,5/20/2021,north
4797,2050,5/20/2021,south
4798,2055,5/20/2021,east
4799,2300,5/20/2021,west
4800,2480,5/21/2021,north
4801,2240,5/21/2021,south
4802,2025,5/21/2021,east
4803,2480,5/21/2021,west
4804,2430,5/22/2021,north
4805,2100,5/22/2021,south
4806,2420,5/22/2021,east
4807,2410,5/22/2021,west
4808,2155,5/23/2021,north
4809,2345,5/23/2021,south
4810,2045,5/23/2021,east
4811,2240,5/23/2021,west
4812,2390,5/24/2021,north
4813,2210,5/24/2021,south
4814,2105,5/24/2021,east
4815,2075,5/24/2021,west
4816,2020,5/25/2021,north
4817,2105,5/25/2021,south
4818,2295,5/25/2021,east
4819,2005,5/25/2021,west
4820,2475,5/26/2021,north
4821,2210,5/26/2021,south
4822,2040,5/26/2021,east
4823,2085,5/26/2021,west
4824,2080,5/27/2021,north
4825,2260,5/27/2021,south
4826,2345,5/27/2021,east
4827,2160,5/27/2021,west
4828,2205,5/28/2021,north
4829,2055,5/28/2021,south
4830,2280,5/28/2021,east
4831,2205,5/28/2021,west
4832,2150,5/29/2021,north
4833,2450,5/29/2021,south
4834,2005,5/29/2021,east
4835,2115,5/29/2021,west
4836,2380,5/30/2021,north
4837,2225,5/30/2021,south
4838,2485,5/30/2021,east
4839,2310,5/30/2021,west
4840,2395,5/31/2021,north
4841,2095,5/31/2021,south
4842,2220,5/31/2021,east
4843,2130,5/31/2021,west
4844,2140,6/1/2021,north
4845,2450,6/1/2021,south
4846,2055,6/1/2021,east
4847,2215,6/1/2021,west
4848,2015,6/2/2021,north
4849,2350,6/2/2021,south
4850,2005,6/2/2021,east
4851,2015,6/2/2021,west
4852,2375,6/3/2021,north
4853,2025,6/3/2021,south
4854,2375,6/3/2021,east
4855,2300,6/3/2021,west
4856,2405,6/4/2021,north
4857,2135,6/4/2021,south
4858,2315,6/4/2021,east
4859,2300,6/4/2021,west
4860,2425,6/5/2021,north
4861,2400,6/5/2021,south
4862,2245,6/5/2021,east
4863,2085,6/5/2021,west
4864,2020,6/6/2021,north
4865,2190,6/6/2021,south
4866,2450,6/6/2021,east
4867,2245,6/6/2021,west
4868,2390,6/7/2021,north
4869,2020,6/7/2021,south
4870,2360,6/7/2021,east
4871,2070,6/7/2021,west
4872,2290,6/8/2021,north
4873,2035,6/8/2021,south
4874,2450,6/8/2021,east
4875,2120,6/8/2021,west
4876,2480,6/9/2021,north
4877,2500,6/9/2021,south
4878,2365,6/9/2021,east
4879,2330,6/9/2021,west
4880,2280,6/10/2021,north
4881,2015,6/10/2021,south
4882,2500,6/10/2021,east
4883,2405,6/10/2021,west
4884,2385,6/11/2021,north
4885,2090,6/11/2021,south
4886,2300,6/11/2021,east
4887,2350,6/11/2021,west
4888,2095,6/12/2021,north
4889,2375,6/12/2021,south
4890,2270,6/12/2021,east
4891,2365,6/12/2021,west
4892,2205,6/13/2021,north
4893,2260,6/13/2021,south
4894,2135,6/13/2021,east
4895,2280,6/13/2021,west
4896,2485,6/14/2021,north
4897,2025,6/14/2021,south
4898,2460,6/14/2021,east
4899,2285,6/14/2021,west
4900,2090,6/15/2021,north
4901,2075,6/15/2021,south
4902,2125,6/15/2021,east
4903,2085,6/15/2021,west
4904,2410,6/16/2021,north
4905,2265,6/16/2021,south
4906,2145,6/16/2021,east
4907,2320,6/16/2021,west
4908,2260,6/17/2021,north
4909,2460,6/17/2021,south
4910,2060,6/17/2021,east
4911,2120,6/17/2021,west
4912,2325,6/18/2021,north
4913,2275,6/18/2021,south
4914,2285,6/18/2021,east
4915,2150,6/18/2021,west
4916,2160,6/19/2021,north
4917,2020,6/19/2021,south
4918,2430,6/19/2021,east
4919,2025,6/19/2021,west
4920,2280,6/20/2021,north
4921,2425,6/20/2021,south
4922,2230,6/20/2021,east
4923,2160,6/20/2021,west
4924,2360,6/21/2021,north
4925,2305,6/21/2021,south
4926,2105,6/21/2021,east
4927,2290,6/21/2021,west
4928,2280,6/22/2021,north
4929,2010,6/22/2021,south
4930,2095,6/22/2021,east
4931,2270,6/22/2021,west
4932,2080,6/23/2021,north
4933,2345,6/23/2021,south
4934,2240,6/23/2021,east
4935,2425,6/23/2021,west
4936,2390,6/24/2021,north
4937,2155,6/24/2021,south
4938,2060,6/24/2021,east
4939,2055,6/24/2021,west
4940,2140,6/25/2021,north
4941,2340,6/25/2021,south
4942,2030,6/25/2021,east
4943,2310,6/25/2021,west
4944,2065,6/26/2021,north
4945,2330,6/26/2021,south
4946,2145,6/26/2021,east
4947,2050,6/26/2021,west
4948,2095,6/27/2021,north
4949,2460,6/27/2021,south
4950,2195,6/27/2021,east
4951,2020,6/27/2021,west
4952,2185,6/28/2021,north
4953,2190,6/28/2021,south
4954,2050,6/28/2021,east
4955,2045,6/28/2021,west
4956,2155,6/29/2021,north
4957,2135,6/29/2021,south
4958,2280,6/29/2021,east
4959,2485,6/29/2021,west
4960,2040,6/30/2021,north
4961,2130,6/30/2021,south
4962,2490,6/30/2021,east
4963,2160,6/30/2021,west
4964,2065,7/1/2021,north
4965,2355,7/1/2021,south
4966,2205,7/1/2021,east
4967,2265,7/1/2021,west
4968,2005,7/2/2021,north
4969,2450,7/2/2021,south
4970,2500,7/2/2021,east
4971,2445,7/2/2021,west
4972,2460,7/3/2021,north
4973,2060,7/3/2021,south
4974,2090,7/3/2021,east
4975,2415,7/3/2021,west
4976,2395,7/4/2021,north
4977,2370,7/4/2021,south
4978,2110,7/4/2021,east
4979,2395,7/4/2021,west
4980,2205,7/5/2021,north
4981,2245,7/5/2021,south
4982,2330,7/5/2021,east
4983,2010,7/5/2021,west
4984,2430,7/6/2021,north
4985,2125,7/6/2021,south
4986,2235,7/6/2021,east
4987,2175,7/6/2021,west
4988,2460,7/7/2021,north
4989,2500,7/7/2021,south
4990,2315,7/7/2021,east
4991,2120,7/7/2021,west
4992,2040,7/8/2021,north
4993,2425,7/8/2021,south
4994,2375,7/8/2021,east
4995,2080,7/8/2021,west
4996,2105,7/9/2021,north
4997,2240,7/9/2021,south
4998,2015,7/9/2021,east
4999,2170,7/9/2021,west
5000,2195,7/10/2021,north
5001,2440,7/10/2021,south
5002,2040,7/10/2021,east
5003,2260,7/10/2021,west
5004,2170,7/11/2021,north
5005,2200,7/11/2021,south
5006,2260,7/11/2021,east
5007,2395,7/11/2021,west
5008,2010,7/12/2021,north
5009,2005,7/12/2021,south
5010,2250,7/12/2021,east
5011,2010,7/12/2021,west
5012,2145,7/13/2021,north
5013,2105,7/13/2021,south
5014,2265,7/13/2021,east
5015,2020,7/13/2021,west
5016,2295,7/14/2021,north
5017,2330,7/14/2021,south
5018,2280,7/14/2021,east
5019,2045,7/14/2021,west
5020,2375,7/15/2021,north
5021,2370,7/15/2021,south
5022,2255,7/15/2021,east
5023,2305,7/15/2021,west
5024,2440,7/16/2021,north
5025,2020,7/16/2021,south
5026,2035,7/16/2021,east
5027,2155,7/16/2021,west
5028,2145,7/17/2021,north
5029,2080,7/17/2021,south
5030,2345,7/17/2021,east
5031,2230,7/17/2021,west
5032,2375,7/18/2021,north
5033,2165,7/18/2021,south
5034,2175,7/18/2021,east
5035,2385,7/18/2021,west
5036,2295,7/19/2021,north
5037,2170,7/19/2021,south
5038,2040,7/19/2021,east
5039,2205,7/19/2021,west
5040,2435,7/20/2021,north
5041,2380,7/20/2021,south
5042,2445,7/20/2021,east
5043,2390,7/20/2021,west
5044,2115,7/21/2021,north
5045,2275,7/21/2021,south
5046,2200,7/21/2021,east
5047,2305,7/21/2021,west
5048,2280,7/22/2021,north
5049,2140,7/22/2021,south
5050,2205,7/22/2021,east
5051,2450,7/22/2021,west
5052,2060,7/23/2021,north
5053,2200,7/23/2021,south
5054,2390,7/23/2021,east
5055,2075,7/23/2021,west
5056,2015,7/24/2021,north
5057,2235,7/24/2021,south
5058,2360,7/24/2021,east
5059,2125,7/24/2021,west
5060,2235,7/25/2021,north
5061,2450,7/25/2021,south
5062,2155,7/25/2021,east
5063,2280,7/25/2021,west
5064,2285,7/26/2021,north
5065,2395,7/26/2021,south
5066,2360,7/26/2021,east
5067,2290,7/26/2021,west
5068,2440,7/27/2021,north
5069,2315,7/27/2021,south
5070,2080,7/27/2021,east
5071,2450,7/27/2021,west
5072,2165,7/28/2021,north
5073,2385,7/28/2021,south
5074,2010,7/28/2021,east
5075,2425,7/28/2021,west
5076,2125,7/29/2021,north
5077,2125,7/29/2021,south
5078,2235,7/29/2021,east
5079,2360,7/29/2021,west
5080,2005,7/30/2021,north
5081,2200,7/30/2021,south
5082,2155,7/30/2021,east
5083,2245,7/30/2021,west
5084,2220,7/31/2021,north
5085,2225,7/31/2021,south
5086,2150,7/31/2021,east
5087,2145,7/31/2021,west
5088,2070,8/1/2021,north
5089,2265,8/1/2021,south
5090,2055,8/1/2021,east
5091,2165,8/1/2021,west
5092,2280,8/2/2021,north
5093,2275,8/2/2021,south
5094,2200,8/2/2021,east
5095,2490,8/2/2021,west
5096,2350,8/3/2021,north
5097,2075,8/3/2021,south
5098,2250,8/3/2021,east
5099,2315,8/3/2021,west
5100,2480,8/4/2021,north
5101,2070,8/4/2021,south
5102,2450,8/4/2021,east
5103,2010,8/4/2021,west
5104,2420,8/5/2021,north
5105,2215,8/5/2021,south
5106,2130,8/5/2021,east
5107,2065,8/5/2021,west
5108,2060,8/6/2021,north
5109,2050,8/6/2021,south
5110,2470,8/6/2021,east
5111,2295,8/6/2021,west
5112,2230,8/7/2021,north
5113,2030,8/7/2021,south
5114,2310,8/7/2021,east
5115,2415,8/7/2021,west
5116,2480,8/8/2021,north
5117,2230,8/8/2021,south
5118,2360,8/8/2021,east
5119,2400,8/8/2021,west
5120,2165,8/9/2021,north
5121,2385,8/9/2021,south
5122,2240,8/9/2021,east
5123,2060,8/9/2021,west
5124,2295,8/10/2021,north
5125,2180,8/10/2021,south
5126,2075,8/10/2021,east
5127,2375,8/10/2021,west
5128,2250,8/11/2021,north
5129,2250,8/11/2021,south
5130,2345,8/11/2021,east
5131,2080,8/11/2021,west
5132,2495,8/12/2021,north
5133,2100,8/12/2021,south
5134,2430,8/12/2021,east
5135,2070,8/12/2021,west
5136,2285,8/13/2021,north
5137,2235,8/13/2021,south
5138,2480,8/13/2021,east
5139,2425,8/13/2021,west
5140,2095,8/14/2021,north
5141,2135,8/14/2021,south
5142,2330,8/14/2021,east
5143,2020,8/14/2021,west
5144,2060,8/15/2021,north
5145,2140,8/15/2021,south
5146,2470,8/15/2021,east
5147,2485,8/15/2021,west
5148,2040,8/16/2021,north
5149,2155,8/16/2021,south
5150,2120,8/16/2021,east
5151,2135,8/16/2021,west
5152,2395,8/17/2021,north
5153,2475,8/17/2021,south
5154,2360,8/17/2021,east
5155,2175,8/17/2021,west
5156,2490,8/18/2021,north
5157,2075,8/18/2021,south
5158,2325,8/18/2021,east
5159,2445,8/18/2021,west
5160,2080,8/19/2021,north
5161,2370,8/19/2021,south
5162,2225,8/19/2021,east
5163,2495,8/19/2021,west
5164,2160,8/20/2021,north
5165,2195,8/20/2021,south
5166,2315,8/20/2021,east
5167,2170,8/20/2021,west
5168,2230,8/21/2021,north
5169,2095,8/21/2021,south
5170,2050,8/21/2021,east
5171,2490,8/21/2021,west
5172,2095,8/22/2021,north
5173,2180,8/22/2021,south
5174,2075,8/22/2021,east
5175,2475,8/22/2021,west
5176,2020,8/23/2021,north
5177,2000,8/23/2021,south
5178,2210,8/23/2021,east
5179,2155,8/23/2021,west
5180,2215,8/24/2021,north
5181,2475,8/24/2021,south
5182,2265,8/24/2021,east
5183,2030,8/24/2021,west
5184,2020,8/25/2021,north
5185,2240,8/25/2021,south
5186,2000,8/25/2021,east
5187,2150,8/25/2021,west
5188,2370,8/26/2021,north
5189,2180,8/26/2021,south
5190,2470,8/26/2021,east
5191,2150,8/26/2021,west
5192,2170,8/27/2021,north
5193,2260,8/27/2021,south
5194,2140,8/27/2021,east
5195,2045,8/27/2021,west
5196,2490,8/28/2021,north
5197,2320,8/28/2021,south
5198,2230,8/28/2021,east
5199,2440,8/28/2021,west
5200,2185,8/29/2021,north
5201,2350,8/29/2021,south
5202,2445,8/29/2021,east
5203,2365,8/29/2021,west
5204,2065,8/30/2021,north
5205,2015,8/30/2021,south
5206,2160,8/30/2021,east
5207,2300,8/30/2021,west
5208,2045,8/31/2021,north
5209,2440,8/31/2021,south
5210,2165,8/31/2021,east
5211,2180,8/31/2021,west
5212,2330,9/1/2021,north
5213,2240,9/1/2021,south
5214,2120,9/1/2021,east
5215,2495,9/1/2021,west
5216,2080,9/2/2021,north
5217,2415,9/2/2021,south
5218,2085,9/2/2021,east
5219,2400,9/2/2021,west
5220,2255,9/3/2021,north
5221,2245,9/3/2021,south
5222,2020,9/3/2021,east
5223,2270,9/3/2021,west
5224,2395,9/4/2021,north
5225,2165,9/4/2021,south
5226,2020,9/4/2021,east
5227,2135,9/4/2021,west
5228,2330,9/5/2021,north
5229,2290,9/5/2021,south
5230,2045,9/5/2021,east
5231,2255,9/5/2021,west
5232,2345,9/6/2021,north
5233,2185,9/6/2021,south
5234,2335,9/6/2021,east
5235,2300,9/6/2021,west
5236,2040,9/7/2021,north
5237,2055,9/7/2021,south
5238,2270,9/7/2021,east
5239,2335,9/7/2021,west
5240,2425,9/8/2021,north
5241,2445,9/8/2021,south
5242,2480,9/8/2021,east
5243,2480,9/8/2021,west
5244,2000,9/9/2021,north
5245,2075,9/9/2021,south
5246,2345,9/9/2021,east
5247,2245,9/9/2021,west
5248,2070,9/10/2021,north
5249,2365,9/10/2021,south
5250,2015,9/10/2021,east
5251,2375,9/10/2021,west
5252,2270,9/11/2021,north
5253,2015,9/11/2021,south
5254,2000,9/11/2021,east
5255,2295,9/11/2021,west
5256,2435,9/12/2021,north
5257,2485,9/12/2021,south
5258,2450,9/12/2021,east
5259,2205,9/12/2021,west
5260,2415,9/13/2021,north
5261,2440,9/13/2021,south
5262,2490,9/13/2021,east
5263,2415,9/13/2021,west
5264,2260,9/14/2021,north
5265,2385,9/14/2021,south
5266,2280,9/14/2021,east
5267,2210,9/14/2021,west
5268,2070,9/15/2021,north
5269,2105,9/15/2021,south
5270,2425,9/15/2021,east
5271,2265,9/15/2021,west
5272,2190,9/16/2021,north
5273,2110,9/16/2021,south
5274,2115,9/16/2021,east
5275,2455,9/16/2021,west
5276,2270,9/17/2021,north
5277,2350,9/17/2021,south
5278,2365,9/17/2021,east
5279,2270,9/17/2021,west
5280,2200,9/18/2021,north
5281,2500,9/18/2021,south
5282,2425,9/18/2021,east
5283,2290,9/18/2021,west
5284,2460,9/19/2021,north
5285,2185,9/19/2021,south
5286,2390,9/19/2021,east
5287,2175,9/19/2021,west
5288,2480,9/20/2021,north
5289,2385,9/20/2021,south
5290,2150,9/20/2021,east
5291,2225,9/20/2021,west
5292,2395,9/21/2021,north
5293,2395,9/21/2021,south
5294,2445,9/21/2021,east
5295,2295,9/21/2021,west
5296,2285,9/22/2021,north
5297,2095,9/22/2021,south
5298,2310,9/22/2021,east
5299,2120,9/22/2021,west
5300,2075,9/23/2021,north
5301,2390,9/23/2021,south
5302,2485,9/23/2021,east
5303,2475,9/23/2021,west
5304,2225,9/24/2021,north
5305,2325,9/24/2021,south
5306,2195,9/24/2021,east
5307,2410,9/24/2021,west
5308,2285,9/25/2021,north
5309,2000,9/25/2021,south
5310,2345,9/25/2021,east
5311,2400,9/25/2021,west
5312,2260,9/26/2021,north
5313,2300,9/26/2021,south
5314,2150,9/26/2021,east
5315,2200,9/26/2021,west
5316,2140,9/27/2021,north
5317,2365,9/27/2021,south
5318,2090,9/27/2021,east
5319,2115,9/27/2021,west
5320,2070,9/28/2021,north
5321,2085,9/28/2021,south
5322,2435,9/28/2021,east
5323,2115,9/28/2021,west
5324,2340,9/29/2021,north
5325,2225,9/29/2021,south
5326,2140,9/29/2021,east
5327,2240,9/29/2021,west
5328,2000,9/30/2021,north
5329,2175,9/30/2021,south
5330,2020,9/30/2021,east
5331,2425,9/30/2021,west
5332,2350,10/1/2021,north
5333,2215,10/1/2021,south
5334,2345,10/1/2021,east
5335,2360,10/1/2021,west
5336,2370,10/2/2021,north
5337,2180,10/2/2021,south
5338,2000,10/2/2021,east
5339,2235,10/2/2021,west
5340,2055,10/3/2021,north
5341,2265,10/3/2021,south
5342,2165,10/3/2021,east
5343,2165,10/3/2021,west
5344,2135,10/4/2021,north
5345,2395,10/4/2021,south
5346,2240,10/4/2021,east
5347,2295,10/4/2021,west
5348,2425,10/5/2021,north
5349,2255,10/5/2021,south
5350,2145,10/5/2021,east
5351,2000,10/5/2021,west
5352,2090,10/6/2021,north
5353,2390,10/6/2021,south
5354,2120,10/6/2021,east
5355,2405,10/6/2021,west
5356,2370,10/7/2021,north
5357,2080,10/7/2021,south
5358,2160,10/7/2021,east
5359,2270,10/7/2021,west
5360,2455,10/8/2021,north
5361,2360,10/8/2021,south
5362,2085,10/8/2021,east
5363,2045,10/8/2021,west
5364,2260,10/9/2021,north
5365,2300,10/9/2021,south
5366,2065,10/9/2021,east
5367,2025,10/9/2021,west
5368,2400,10/10/2021,north
5369,2255,10/10/2021,south
5370,2335,10/10/2021,east
5371,2460,10/10/2021,west
5372,2120,10/11/2021,north
5373,2230,10/11/2021,south
5374,2195,10/11/2021,east
5375,2205,10/11/2021,west
5376,2105,10/12/2021,north
5377,2105,10/12/2021,south
5378,2065,10/12/2021,east
5379,2005,10/12/2021,west
5380,2205,10/13/2021,north
5381,2495,10/13/2021,south
5382,2125,10/13/2021,east
5383,2410,10/13/2021,west
5384,2320,10/14/2021,north
5385,2010,10/14/2021,south
5386,2330,10/14/2021,east
5387,2275,10/14/2021,west
5388,2305,10/15/2021,north
5389,2425,10/15/2021,south
5390,2310,10/15/2021,east
5391,2090,10/15/2021,west
5392,2485,10/16/2021,north
5393,2415,10/16/2021,south
5394,2395,10/16/2021,east
5395,2090,10/16/2021,west
5396,2010,10/17/2021,north
5397,2085,10/17/2021,south
5398,2250,10/17/2021,east
5399,2450,10/17/2021,west
5400,2230,10/18/2021,north
5401,2310,10/18/2021,south
5402,2005,10/18/2021,east
5403,2025,10/18/2021,west
5404,2085,10/19/2021,north
5405,2275,10/19/2021,south
5406,2220,10/19/2021,east
5407,2395,10/19/2021,west
5408,2070,10/20/2021,north
5409,2210,10/20/2021,south
5410,2290,10/20/2021,east
5411,2380,10/20/2021,west
5412,2475,10/21/2021,north
5413,2175,10/21/2021,south
5414,2015,10/21/2021,east
5415,2115,10/21/2021,west
5416,2030,10/22/2021,north
5417,2400,10/22/2021,south
5418,2180,10/22/2021,east
5419,2345,10/22/2021,west
5420,2485,10/23/2021,north
5421,2225,10/23/2021,south
5422,2095,10/23/2021,east
5423,2350,10/23/2021,west
5424,2315,10/24/2021,north
5425,2155,10/24/2021,south
5426,2305,10/24/2021,east
5427,2250,10/24/2021,west
5428,2470,10/25/2021,north
5429,2135,10/25/2021,south
5430,2255,10/25/2021,east
5431,2270,10/25/2021,west
5432,2410,10/26/2021,north
5433,2490,10/26/2021,south
5434,2250,10/26/2021,east
5435,2220,10/26/2021,west
5436,2145,10/27/2021,north
5437,2145,10/27/2021,south
5438,2450,10/27/2021,east
5439,2090,10/27/2021,west
5440,2165,10/28/2021,north
5441,2355,10/28/2021,south
5442,2315,10/28/2021,east
5443,2300,10/28/2021,west
5444,2225,10/29/2021,north
5445,2175,10/29/2021,south
5446,2435,10/29/2021,east
5447,2035,10/29/2021,west
5448,2430,10/30/2021,north
5449,2180,10/30/2021,south
5450,2060,10/30/2021,east
5451,2470,10/30/2021,west
5452,2400,10/31/2021,north
5453,2220,10/31/2021,south
5454,2395,10/31/2021,east
5455,2120,10/31/2021,west
5456,2080,11/1/2021,north
5457,2445,11/1/2021,south
5458,2415,11/1/2021,east
5459,2355,11/1/2021,west
5460,2405,11/2/2021,north
5461,2120,11/2/2021,south
5462,2195,11/2/2021,east
5463,2025,11/2/2021,west
5464,2305,11/3/2021,north
5465,2035,11/3/2021,south
5466,2085,11/3/2021,east
5467,2285,11/3/2021,west
5468,2205,11/4/2021,north
5469,2155,11/4/2021,south
5470,2105,11/4/2021,east
5471,2085,11/4/2021,west
5472,2475,11/5/2021,north
5473,2425,11/5/2021,south
5474,2330,11/5/2021,east
5475,2205,11/5/2021,west
5476,2235,11/6/2021,north
5477,2050,11/6/2021,south
5478,2455,11/6/2021,east
5479,2065,11/6/2021,west
5480,2210,11/7/2021,north
5481,2065,11/7/2021,south
5482,2215,11/7/2021,east
5483,2275,11/7/2021,west
5484,2005,11/8/2021,north
5485,2120,11/8/2021,south
5486,2140,11/8/2021,east
5487,2260,11/8/2021,west
5488,2165,11/9/2021,north
5489,2000,11/9/2021,south
5490,2435,11/9/2021,east
5491,2250,11/9/2021,west
5492,2485,11/10/2021,north
5493,2090,11/10/2021,south
5494,2025,11/10/2021,east
5495,2365,11/10/2021,west
5496,2150,11/11/2021,north
5497,2160,11/11/2021,south
5498,2035,11/11/2021,east
5499,2445,11/11/2021,west
5500,2350,11/12/2021,north
5501,2130,11/12/2021,south
5502,2045,11/12/2021,east
5503,2490,11/12/2021,west
5504,2315,11/13/2021,north
5505,2210,11/13/2021,south
5506,2345,11/13/2021,east
5507,2285,11/13/2021,west
5508,2225,11/14/2021,north
5509,2190,11/14/2021,south
5510,2495,11/14/2021,east
5511,2485,11/14/2021,west
5512,2105,11/15/2021,north
5513,2425,11/15/2021,south
5514,2155,11/15/2021,east
5515,2495,11/15/2021,west
5516,2485,11/16/2021,north
5517,2225,11/16/2021,south
5518,2315,11/16/2021,east
5519,2300,11/16/2021,west
5520,2165,11/17/2021,north
5521,2240,11/17/2021,south
5522,2290,11/17/2021,east
5523,2025,11/17/2021,west
5524,2080,11/18/2021,north
5525,2325,11/18/2021,south
5526,2105,11/18/2021,east
5527,2245,11/18/2021,west
5528,2180,11/19/2021,north
5529,2180,11/19/2021,south
5530,2345,11/19/2021,east
5531,2435,11/19/2021,west
5532,2490,11/20/2021,north
5533,2160,11/20/2021,south
5534,2460,11/20/2021,east
5535,2040,11/20/2021,west
5536,2010,11/21/2021,north
5537,2440,11/21/2021,south
5538,2190,11/21/2021,east
5539,2365,11/21/2021,west
5540,2145,11/22/2021,north
5541,2420,11/22/2021,south
5542,2200,11/22/2021,east
5543,2075,11/22/2021,west
5544,2075,11/23/2021,north
5545,2450,11/23/2021,south
5546,2280,11/23/2021,east
5547,2220,11/23/2021,west
5548,2410,11/24/2021,north
5549,2015,11/24/2021,south
5550,2020,11/24/2021,east
5551,2060,11/24/2021,west
5552,2410,11/25/2021,north
5553,2485,11/25/2021,south
5554,2445,11/25/2021,east
5555,2285,11/25/2021,west
5556,2490,11/26/2021,north
5557,2215,11/26/2021,south
5558,2015,11/26/2021,east
5559,2070,11/26/2021,west
5560,2170,11/27/2021,north
5561,2235,11/27/2021,south
5562,2145,11/27/2021,east
5563,2370,11/27/2021,west
5564,2035,11/28/2021,north
5565,2335,11/28/2021,south
5566,2390,11/28/2021,east
5567,2500,11/28/2021,west
5568,2180,11/29/2021,north
5569,2495,11/29/2021,south
5570,2170,11/29/2021,east
5571,2275,11/29/2021,west
5572,2265,11/30/2021,north
5573,2035,11/30/2021,south
5574,2480,11/30/2021,east
5575,2390,11/30/2021,west
5576,2415,12/1/2021,north
5577,2275,12/1/2021,south
5578,2100,12/1/2021,east
5579,2105,12/1/2021,west
5580,2330,12/2/2021,north
5581,2170,12/2/2021,south
5582,2460,12/2/2021,east
5583,2200,12/2/2021,west
5584,2225,12/3/2021,north
5585,2350,12/3/2021,south
5586,2125,12/3/2021,east
5587,2245,12/3/2021,west
5588,2025,12/4/2021,north
5589,2010,12/4/2021,south
5590,2005,12/4/2021,east
5591,2455,12/4/2021,west
5592,2130,12/5/2021,north
5593,2445,12/5/2021,south
5594,2190,12/5/2021,east
5595,2265,12/5/2021,west
5596,2380,12/6/2021,north
5597,2235,12/6/2021,south
5598,2200,12/6/2021,east
5599,2200,12/6/2021,west
5600,2090,12/7/2021,north
5601,2165,12/7/2021,south
5602,2300,12/7/2021,east
5603,2400,12/7/2021,west
5604,2135,12/8/2021,north
5605,2315,12/8/2021,south
5606,2375,12/8/2021,east
5607,2080,12/8/2021,west
5608,2270,12/9/2021,north
5609,2430,12/9/2021,south
5610,2335,12/9/2021,east
5611,2065,12/9/2021,west
5612,2235,12/10/2021,north
5613,2375,12/10/2021,south
5614,2400,12/10/2021,east
5615,2305,12/10/2021,west
5616,2310,12/11/2021,north
5617,2155,12/11/2021,south
5618,2435,12/11/2021,east
5619,2165,12/11/2021,west
5620,2225,12/12/2021,north
5621,2055,12/12/2021,south
5622,2235,12/12/2021,east
5623,2295,12/12/2021,west
5624,2040,12/13/2021,north
5625,2320,12/13/2021,south
5626,2110,12/13/2021,east
5627,2180,12/13/2021,west
5628,2360,12/14/2021,north
5629,2420,12/14/2021,south
5630,2370,12/14/2021,east
5631,2335,12/14/2021,west
5632,2485,12/15/2021,north
5633,2495,12/15/2021,south
5634,2365,12/15/2021,east
5635,2155,12/15/2021,west
5636,2385,12/16/2021,north
5637,2385,12/16/2021,south
5638,2435,12/16/2021,east
5639,2290,12/16/2021,west
5640,2210,12/17/2021,north
5641,2085,12/17/2021,south
5642,2090,12/17/2021,east
5643,2370,12/17/2021,west
5644,2145,12/18/2021,north
5645,2210,12/18/2021,south
5646,2380,12/18/2021,east
5647,2455,12/18/2021,west
5648,2270,12/19/2021,north
5649,2040,12/19/2021,south
5650,2180,12/19/2021,east
5651,2500,12/19/2021,west
5652,2115,12/20/2021,north
5653,2325,12/20/2021,south
5654,2250,12/20/2021,east
5655,2180,12/20/2021,west
5656,2330,12/21/2021,north
5657,2075,12/21/2021,south
5658,2355,12/21/2021,east
5659,2355,12/21/2021,west
5660,2205,12/22/2021,north
5661,2155,12/22/2021,south
5662,2010,12/22/2021,east
5663,2005,12/22/2021,west
5664,2410,12/23/2021,north
5665,2265,12/23/2021,south
5666,2205,12/23/2021,east
5667,2115,12/23/2021,west
5668,2050,12/24/2021,north
5669,2135,12/24/2021,south
5670,2440,12/24/2021,east
5671,2360,12/24/2021,west
5672,2405,12/25/2021,north
5673,2115,12/25/2021,south
5674,2085,12/25/2021,east
5675,2290,12/25/2021,west
5676,2245,12/26/2021,north
5677,2460,12/26/2021,south
5678,2450,12/26/2021,east
5679,2310,12/26/2021,west
5680,2370,12/27/2021,north
5681,2040,12/27/2021,south
5682,2415,12/27/2021,east
5683,2015,12/27/2021,west
5684,2245,12/28/2021,north
5685,2120,12/28/2021,south
5686,2415,12/28/2021,east
5687,2295,12/28/2021,west
5688,2445,12/29/2021,north
5689,2215,12/29/2021,south
5690,2285,12/29/2021,east
5691,2395,12/29/2021,west
5692,2435,12/30/2021,north
5693,2400,12/30/2021,south
5694,2260,12/30/2021,east
5695,2315,12/30/2021,west
5696,2315,12/31/2021,north
5697,2175,12/31/2021,south
5698,2295,12/31/2021,east
5699,2055,12/31/2021,west
5700,2130,1/1/2022,north
5701,2480,1/1/2022,south
5702,2190,1/1/2022,east
5703,2170,1/1/2022,west
5704,2160,1/2/2022,north
5705,2120,1/2/2022,south
5706,2110,1/2/2022,east
5707,2080,1/2/2022,west
5708,2050,1/3/2022,north
5709,2150,1/3/2022,south
5710,2440,1/3/2022,east
5711,2055,1/3/2022,west
5712,2405,1/4/2022,north
5713,2020,1/4/2022,south
5714,2010,1/4/2022,east
5715,2005,1/4/2022,west
5716,2480,1/5/2022,north
5717,2360,1/5/2022,south
5718,2025,1/5/2022,east
5719,2275,1/5/2022,west
5720,2245,1/6/2022,north
5721,2060,1/6/2022,south
5722,2290,1/6/2022,east
5723,2205,1/6/2022,west
5724,2065,1/7/2022,north
5725,2050,1/7/2022,south
5726,2180,1/7/2022,east
5727,2135,1/7/2022,west
5728,2370,1/8/2022,north
5729,2245,1/8/2022,south
5730,2070,1/8/2022,east
5731,2395,1/8/2022,west
5732,2490,1/9/2022,north
5733,2105,1/9/2022,south
5734,2335,1/9/2022,east
5735,2250,1/9/2022,west
5736,2240,1/10/2022,north
5737,2090,1/10/2022,south
5738,2370,1/10/2022,east
5739,2315,1/10/2022,west
5740,2000,1/11/2022,north
5741,2075,1/11/2022,south
5742,2305,1/11/2022,east
5743,2145,1/11/2022,west
5744,2050,1/12/2022,north
5745,2260,1/12/2022,south
5746,2095,1/12/2022,east
5747,2500,1/12/2022,west
5748,2260,1/13/2022,north
5749,2365,1/13/2022,south
5750,2485,1/13/2022,east
5751,2180,1/13/2022,west
5752,2245,1/14/2022,north
5753,2225,1/14/2022,south
5754,2080,1/14/2022,east
5755,2250,1/14/2022,west
5756,2115,1/15/2022,north
5757,2145,1/15/2022,south
5758,2130,1/15/2022,east
5759,2120,1/15/2022,west
5760,2315,1/16/2022,north
5761,2410,1/16/2022,south
5762,2290,1/16/2022,east
5763,2150,1/16/2022,west
5764,2295,1/17/2022,north
5765,2015,1/17/2022,south
5766,2070,1/17/2022,east
5767,2095,1/17/2022,west
5768,2045,1/18/2022,north
5769,2125,1/18/2022,south
5770,2085,1/18/2022,east
5771,2095,1/18/2022,west
5772,2295,1/19/2022,north
5773,2265,1/19/2022,south
5774,2040,1/19/2022,east
5775,2200,1/19/2022,west
5776,2415,1/20/2022,north
5777,2435,1/20/2022,south
5778,2160,1/20/2022,east
5779,2210,1/20/2022,west
5780,2295,1/21/2022,north
5781,2405,1/21/2022,south
5782,2380,1/21/2022,east
5783,2360,1/21/2022,west
5784,2080,1/22/2022,north
5785,2220,1/22/2022,south
5786,2495,1/22/2022,east
5787,2500,1/22/2022,west
5788,2170,1/23/2022,north
5789,2135,1/23/2022,south
5790,2205,1/23/2022,east
5791,2445,1/23/2022,west
5792,2195,1/24/2022,north
5793,2375,1/24/2022,south
5794,2370,1/24/2022,east
5795,2410,1/24/2022,west
5796,2470,1/25/2022,north
5797,2370,1/25/2022,south
5798,2110,1/25/2022,east
5799,2480,1/25/2022,west
5800,2085,1/26/2022,north
5801,2320,1/26/2022,south
5802,2075,1/26/2022,east
5803,2485,1/26/2022,west
5804,2165,1/27/2022,north
5805,2400,1/27/2022,south
5806,2055,1/27/2022,east
5807,2435,1/27/2022,west
5808,2380,1/28/2022,north
5809,2410,1/28/2022,south
5810,2240,1/28/2022,east
5811,2450,1/28/2022,west
5812,2190,1/29/2022,north
5813,2345,1/29/2022,south
5814,2290,1/29/2022,east
5815,2380,1/29/2022,west
5816,2145,1/30/2022,north
5817,2150,1/30/2022,south
5818,2500,1/30/2022,east
5819,2305,1/30/2022,west
5820,2045,1/31/2022,north
5821,2375,1/31/2022,south
5822,2040,1/31/2022,east
5823,2055,1/31/2022,west
5824,2405,2/1/2022,north
5825,2310,2/1/2022,south
5826,2405,2/1/2022,east
5827,2420,2/1/2022,west
5828,2160,2/2/2022,north
5829,2485,2/2/2022,south
5830,2375,2/2/2022,east
5831,2435,2/2/2022,west
5832,2125,2/3/2022,north
5833,2185,2/3/2022,south
5834,2090,2/3/2022,east
5835,2115,2/3/2022,west
5836,2035,2/4/2022,north
5837,2215,2/4/2022,south
5838,2010,2/4/2022,east
5839,2190,2/4/2022,west
5840,2070,2/5/2022,north
5841,2000,2/5/2022,south
5842,2130,2/5/2022,east
5843,2235,2/5/2022,west
5844,2250,2/6/2022,north
5845,2365,2/6/2022,south
5846,2020,2/6/2022,east
5847,2215,2/6/2022,west
5848,2290,2/7/2022,north
5849,2145,2/7/2022,south
5850,2255,2/7/2022,east
5851,2265,2/7/2022,west
5852,2375,2/8/2022,north
5853,2360,2/8/2022,south
5854,2430,2/8/2022,east
5855,2330,2/8/2022,west
5856,2290,2/9/2022,north
5857,2435,2/9/2022,south
5858,2225,2/9/2022,east
5859,2255,2/9/2022,west
5860,2275,2/10/2022,north
5861,2310,2/10/2022,south
5862,2070,2/10/2022,east
5863,2445,2/10/2022,west
5864,2405,2/11/2022,north
5865,2030,2/11/2022,south
5866,2470,2/11/2022,east
5867,2265,2/11/2022,west
5868,2245,2/12/2022,north
5869,2490,2/12/2022,south
5870,2110,2/12/2022,east
5871,2085,2/12/2022,west
5872,2425,2/13/2022,north
5873,2245,2/13/2022,south
5874,2500,2/13/2022,east
5875,2390,2/13/2022,west
5876,2035,2/14/2022,north
5877,2465,2/14/2022,south
5878,2500,2/14/2022,east
5879,2115,2/14/2022,west
